day;timestamp;product;bid_price_1;bid_volume_1;bid_price_2;bid_volume_2;bid_price_3;bid_volume_3;ask_price_1;ask_volume_1;ask_price_2;ask_volume_2;ask_price_3;ask_volume_3;mid_price;profit_and_loss
3;0;PICNIC_BASKET;73997;2;73996;15;73994;21;74008;2;74009;15;74010;21;74002.5;0.0
3;0;DOLPHIN_SIGHTINGS;;;;;;;;;;;;;3094.0;0.0
3;0;BERRIES;3905;15;3904;42;;;3912;15;3913;42;;;3908.5;0.0
3;0;BAGUETTE;12381;43;12380;95;;;12383;138;;;;;12382.0;0.0
3;0;PEARLS;9996;2;9995;26;;;10004;2;10005;26;;;10000.0;0.0
3;0;DIVING_GEAR;100187;23;;;;;100190;23;;;;;100188.5;0.0
3;0;PINA_COLADAS;14849;33;14848;52;;;14850;39;14852;85;;;14849.5;0.0
3;0;COCONUTS;7912;49;7911;136;;;7914;185;;;;;7913.0;0.0
3;0;DIP;7020;272;;;;;7022;272;;;;;7021.0;0.0
3;0;UKULELE;20697;21;20696;32;;;20698;53;;;;;20697.5;0.0
3;0;BANANAS;4792;28;;;;;4798;2;4799;26;;;4795.0;0.0
3;100;PINA_COLADAS;14849;109;;;;;14852;109;;;;;14850.5;0.0
3;100;DIP;7019;155;;;;;7021;155;;;;;7020.0;0.0
3;100;PICNIC_BASKET;73984;1;73983;18;73982;20;73995;1;73996;18;73998;20;73989.5;0.0
3;100;PEARLS;9996;1;9995;25;;;9998;1;10002;8;10004;1;9997.0;0.0
3;100;DIVING_GEAR;100194;10;100193;18;;;100196;10;100197;18;;;100195.0;0.0
3;100;BERRIES;3905;18;3904;59;;;3912;77;;;;;3908.5;0.0
3;100;COCONUTS;7912;143;;;;;7915;143;;;;;7913.5;0.0
3;100;UKULELE;20695;65;;;;;20697;65;;;;;20696.0;0.0
3;100;BAGUETTE;12385;104;;;;;12387;54;12388;50;;;12386.0;0.0
3;100;BANANAS;4795;4;4792;26;;;4797;8;4798;1;4799;25;4796.0;0.0
3;100;DOLPHIN_SIGHTINGS;;;;;;;;;;;;;3094.0;0.0
3;200;PEARLS;9995;21;;;;;10005;21;;;;;10000.0;2.0
3;200;DIVING_GEAR;100200;20;;;;;100203;20;;;;;100201.5;0.0
3;200;PINA_COLADAS;14849;84;;;;;14852;84;;;;;14850.5;0.0
3;200;COCONUTS;7912;67;7911;105;;;7914;172;;;;;7913.0;0.0
3;200;DIP;7018;70;7017;166;;;7020;236;;;;;7019.0;0.0
3;200;UKULELE;20696;71;;;;;20697;26;20698;45;;;20696.5;0.0
3;200;BANANAS;4792;21;;;;;4799;21;;;;;4795.5;-2.009765625
3;200;PICNIC_BASKET;74001;15;74000;26;;;74015;15;74016;26;;;74008.0;0.0
3;200;DOLPHIN_SIGHTINGS;;;;;;;;;;;;;3094.0;0.0
3;200;BERRIES;3905;15;3904;41;;;3912;15;3913;41;;;3908.5;0.0
3;200;BAGUETTE;12383;114;;;;;12385;114;;;;;12384.0;0.0
3;300;COCONUTS;7912;156;;;;;7915;156;;;;;7913.5;0.0
3;300;BERRIES;3905;13;3904;56;;;3911;13;3912;56;;;3908.0;0.0
3;300;UKULELE;20696;65;;;;;20698;65;;;;;20697.0;0.0
3;300;BAGUETTE;12385;51;12384;80;;;12387;131;;;;;12386.0;0.0
3;300;BANANAS;4793;1;4792;26;;;4799;27;;;;;4796.0;-3.2890625
3;300;DOLPHIN_SIGHTINGS;;;;;;;;;;;;;3094.0;0.0
3;300;PINA_COLADAS;14852;25;14851;55;;;14854;25;14855;55;;;14853.0;0.0
3;300;DIP;7017;189;;;;;7019;189;;;;;7018.0;0.0
3;300;PEARLS;9996;1;9995;26;;;10004;1;10005;26;;;10000.0;2.0
3;300;DIVING_GEAR;100204;19;;;;;100207;19;;;;;100205.5;0.0
3;300;PICNIC_BASKET;74006;1;74005;13;74004;27;74018;1;74019;13;74020;27;74012.0;0.0
3;400;DOLPHIN_SIGHTINGS;;;;;;;;;;;;;3093.0;0.0
3;400;PICNIC_BASKET;74014;18;74013;18;;;74028;18;74029;18;;;74021.0;0.0
3;400;BERRIES;3905;18;3904;54;;;3912;18;3913;54;;;3908.5;0.0
3;400;BAGUETTE;12388;54;12387;80;;;12390;134;;;;;12389.0;0.0
3;400;PEARLS;9995;28;;;;;10005;28;;;;;10000.0;2.0
3;400;DIVING_GEAR;100211;28;;;;;100214;28;;;;;100212.5;0.0
3;400;PINA_COLADAS;14852;26;14851;68;;;14854;26;14855;68;;;14853.0;0.0
3;400;COCONUTS;7911;200;;;;;7914;200;;;;;7912.5;0.0
3;400;DIP;7019;80;7018;127;;;7020;80;7021;127;;;7019.5;0.0
3;400;UKULELE;20696;18;20695;38;;;20697;18;20698;38;;;20696.5;0.0
3;400;BANANAS;4798;1;4792;28;;;4799;28;;;;;4798.5;-3.5
3;500;PINA_COLADAS;14854;36;14853;67;;;14857;103;;;;;14855.5;0.0
3;500;DIP;7018;239;;;;;7020;239;;;;;7019.0;0.0
3;500;PEARLS;10002;6;9995;25;;;10005;25;;;;;10003.5;2.0
3;500;DIVING_GEAR;100210;24;;;;;100213;24;;;;;100211.5;0.0
3;500;PICNIC_BASKET;74009;19;74008;24;;;74023;19;74024;24;;;74016.0;0.0
3;500;COCONUTS;7912;155;;;;;7914;48;7915;107;;;7913.0;0.0
3;500;BERRIES;3905;19;3904;47;;;3912;19;3913;47;;;3908.5;0.0
3;500;UKULELE;20696;24;20695;46;;;20697;70;;;;;20696.5;0.0
3;500;BAGUETTE;12384;120;;;;;12385;10;12386;45;12387;75;12384.5;0.0
3;500;BANANAS;4798;9;4793;25;;;4800;25;;;;;4799.0;-4.4921875
3;500;DOLPHIN_SIGHTINGS;;;;;;;;;;;;;3093.0;0.0
3;600;PEARLS;9996;1;9995;29;;;10004;1;10005;29;;;10000.0;14.0
3;600;DIVING_GEAR;100209;10;100208;19;;;100211;10;100212;19;;;100210.0;0.0
3;600;PINA_COLADAS;14854;81;;;;;14857;81;;;;;14855.5;0.0
3;600;COCONUTS;7912;212;;;;;7913;45;7915;212;;;7912.5;0.0
3;600;DIP;7018;228;;;;;7020;228;;;;;7019.0;0.0
3;600;UKULELE;20696;28;20695;49;;;20697;77;;;;;20696.5;0.0
3;600;BANANAS;4793;30;;;;;4799;1;4800;29;;;4796.0;13.109375
3;600;DOLPHIN_SIGHTINGS;;;;;;;;;;;;;3093.0;0.0
3;600;PICNIC_BASKET;74016;8;74010;1;74009;19;74022;1;74023;19;74024;28;74019.0;0.0
3;600;BERRIES;3904;19;3903;42;;;3911;19;3912;42;;;3907.5;0.0
3;600;BAGUETTE;12381;43;12380;59;;;12383;102;;;;;12382.0;0.0
3;700;COCONUTS;7912;46;7911;154;;;7914;154;;;;;7913.0;0.0
3;700;BERRIES;3903;11;3902;40;;;3910;11;3911;40;;;3906.5;0.0
3;700;UKULELE;20691;75;;;;;20693;75;;;;;20692.0;0.0
3;700;BAGUETTE;12385;47;12384;69;;;12386;52;12387;69;;;12385.5;0.0
3;700;BANANAS;4794;8;4793;21;;;4799;21;;;;;4796.5;15.59375
3;700;DOLPHIN_SIGHTINGS;;;;;;;;;;;;;3093.0;0.0
3;700;PINA_COLADAS;14853;108;;;;;14856;108;;;;;14854.5;0.0
3;700;DIP;7018;207;;;;;7020;207;;;;;7019.0;0.0
3;700;PEARLS;10002;4;9998;8;9996;1;10004;1;10005;20;;;10003.0;14.0
3;700;DIVING_GEAR;100206;6;100205;11;;;100208;6;100209;11;;;100207.0;0.0
3;700;PICNIC_BASKET;74006;1;74005;11;74004;29;74017;1;74019;11;74020;29;74011.5;0.0
3;800;DOLPHIN_SIGHTINGS;;;;;;;;;;;;;3093.0;0.0
3;800;PICNIC_BASKET;73999;16;73998;29;;;74013;16;74014;29;;;74006.0;0.0
3;800;BERRIES;3903;16;3902;47;;;3910;16;3911;47;;;3906.5;0.0
3;800;BAGUETTE;12383;120;;;;;12385;31;12386;89;;;12384.0;0.0
3;800;BANANAS;4793;22;;;;;4800;22;;;;;4796.5;13.8828125
3;800;DIVING_GEAR;100214;1;100212;24;;;100215;24;;;;;100214.5;0.0
3;800;PEARLS;9995;22;;;;;10005;22;;;;;10000.0;22.0
3;800;PINA_COLADAS;14857;99;;;;;14860;99;;;;;14858.5;0.0
3;800;DIP;7019;240;;;;;7021;240;;;;;7020.0;0.0
3;800;COCONUTS;7912;174;;;;;7914;58;7915;116;;;7913.0;0.0
3;800;UKULELE;20694;29;20693;40;;;20695;69;;;;;20694.5;0.0
3;900;PINA_COLADAS;14859;23;14858;73;;;14861;23;14862;73;;;14860.0;0.0
3;900;DIP;7017;182;;;;;7019;182;;;;;7018.0;0.0
3;900;DIVING_GEAR;100216;7;100215;11;;;100218;7;100219;11;;;100217.0;0.0
3;900;PEARLS;9996;1;9995;29;;;10004;1;10005;29;;;10000.0;22.0
3;900;PICNIC_BASKET;74012;1;74011;11;74010;19;74023;1;74025;11;74026;19;74017.5;0.0
3;900;COCONUTS;7913;187;;;;;7916;187;;;;;7914.5;0.0
3;900;BERRIES;3903;11;3902;50;;;3910;11;3911;50;;;3906.5;0.0
3;900;UKULELE;20699;45;;;;;20700;19;20701;37;;;20699.5;0.0
3;900;BAGUETTE;12386;36;12385;63;;;12387;36;12388;63;;;12386.5;0.0
3;900;BANANAS;4793;30;;;;;4799;1;4800;29;;;4796.0;13.21875
3;900;DOLPHIN_SIGHTINGS;;;;;;;;;;;;;3092.0;0.0
3;1000;PEARLS;9996;2;9995;20;;;10002;7;10004;2;10005;20;9999.0;22.0
3;1000;BANANAS;4793;22;;;;;4798;7;4800;22;;;4795.5;10.6875
3;1000;DIVING_GEAR;100223;9;100222;10;;;100225;9;100226;10;;;100224.0;0.0
3;1000;DIP;7017;290;;;;;7019;96;7020;194;;;7018.0;0.0
3;1000;COCONUTS;7914;46;7913;119;;;7916;165;;;;;7915.0;0.0
3;1000;PINA_COLADAS;14858;22;14857;52;;;14860;22;14861;52;;;14859.0;0.0
3;1000;UKULELE;20700;16;20699;36;;;20701;16;20702;36;;;20700.5;0.0
3;1000;DOLPHIN_SIGHTINGS;;;;;;;;;;;;;3092.0;0.0
3;1000;PICNIC_BASKET;73998;2;73997;10;73996;16;74010;2;74011;10;74012;16;74004.0;0.0
3;1000;BERRIES;3902;10;3901;59;;;3909;10;3910;59;;;3905.5;0.0
3;1000;BAGUETTE;12382;135;;;;;12384;135;;;;;12383.0;0.0
3;1100;BERRIES;3902;17;3901;53;;;3909;17;3910;53;;;3905.5;0.0
3;1100;UKULELE;20702;29;20701;45;;;20703;74;;;;;20702.5;0.0
3;1100;COCONUTS;7914;205;;;;;7916;56;7917;149;;;7915.0;0.0
3;1100;BAGUETTE;12386;31;12385;73;;;12387;31;12388;73;;;12386.5;0.0
3;1100;BANANAS;4793;26;;;;;4800;27;;;;;4796.5;10.4375
3;1100;DOLPHIN_SIGHTINGS;;;;;;;;;;;;;3092.0;0.0
3;1100;DIP;7017;191;;;;;7019;191;;;;;7018.0;0.0
3;1100;PINA_COLADAS;14857;107;;;;;14858;20;14860;107;;;14857.5;0.0
3;1100;PEARLS;9996;2;9995;25;;;10000;3;10004;2;10005;25;9998.0;22.0
3;1100;DIVING_GEAR;100221;24;;;;;100224;24;;;;;100222.5;0.0
3;1100;PICNIC_BASKET;73989;2;73988;17;73986;29;74000;2;74001;17;74002;29;73994.5;0.0
3;1200;DOLPHIN_SIGHTINGS;;;;;;;;;;;;;3093.0;0.0
3;1200;PICNIC_BASKET;73999;2;73998;11;73997;22;74010;2;74011;11;74012;22;74004.5;0.0
3;1200;BERRIES;3902;11;3901;48;;;3909;11;3910;48;;;3905.5;0.0
3;1200;BAGUETTE;12390;56;12389;57;;;12392;113;;;;;12391.0;0.0
3;1200;PEARLS;9998;6;9996;2;9995;27;10004;2;10005;27;;;10001.0;22.0
3;1200;BANANAS;4794;7;4793;27;;;4800;29;;;;;4797.0;6.65625
3;1200;DIVING_GEAR;100220;19;;;;;100223;19;;;;;100221.5;0.0
3;1200;DIP;7017;57;7016;199;;;7018;57;7019;199;;;7017.5;0.0
3;1200;PINA_COLADAS;14857;80;;;;;14860;80;;;;;14858.5;0.0
3;1200;UKULELE;20701;65;;;;;20702;22;20703;43;;;20701.5;0.0
3;1200;COCONUTS;7914;164;;;;;7917;164;;;;;7915.5;0.0
3;1300;DIP;7017;197;;;;;7018;12;7019;197;;;7017.5;0.0
3;1300;PINA_COLADAS;14859;103;;;;;14862;103;;;;;14860.5;0.0
3;1300;PEARLS;9996;2;9995;27;;;10004;2;10005;27;;;10000.0;22.0
3;1300;DIVING_GEAR;100221;8;100220;14;;;100223;8;100224;14;;;100222.0;0.0
3;1300;BERRIES;3903;14;3902;58;;;3905;8;3910;14;3911;58;3904.0;0.0
3;1300;PICNIC_BASKET;74011;2;74010;14;74009;15;74022;2;74023;14;74024;15;74016.5;0.0
3;1300;UKULELE;20701;56;;;;;20703;56;;;;;20702.0;0.0
3;1300;COCONUTS;7916;209;;;;;7919;209;;;;;7917.5;0.0
3;1300;BAGUETTE;12392;53;12391;88;;;12393;53;12394;88;;;12392.5;0.0
3;1300;BANANAS;4796;5;4794;2;4793;27;4800;29;;;;;4798.0;6.5859375
3;1300;DOLPHIN_SIGHTINGS;;;;;;;;;;;;;3093.0;0.0
3;1400;PEARLS;9996;2;9995;22;;;10004;2;10005;22;;;10000.0;22.0
3;1400;BANANAS;4798;1;4793;24;;;4799;24;;;;;4798.5;15.6328125
3;1400;DIVING_GEAR;100222;10;100221;14;;;100224;10;100225;14;;;100223.0;0.0
3;1400;BERRIES;3903;14;3902;47;;;3910;14;3911;47;;;3906.5;0.0
3;1400;DIP;7016;240;;;;;7018;76;7019;164;;;7017.0;0.0
3;1400;UKULELE;20700;61;;;;;20702;61;;;;;20701.0;0.0
3;1400;PINA_COLADAS;14859;92;;;;;14862;20;14863;72;;;14860.5;0.0
3;1400;COCONUTS;7916;190;;;;;7919;190;;;;;7917.5;0.0
3;1400;DOLPHIN_SIGHTINGS;;;;;;;;;;;;;3093.0;0.0
3;1400;PICNIC_BASKET;73982;2;73980;14;73979;29;73993;2;73994;14;73995;29;73987.5;0.0
3;1400;BAGUETTE;12388;34;12387;76;;;12390;110;;;;;12389.0;0.0
3;1500;UKULELE;20703;18;20702;43;;;20704;18;20705;43;;;20703.5;0.0
3;1500;COCONUTS;7916;67;7915;198;;;7918;198;;;;;7917.0;0.0
3;1500;BAGUETTE;12387;86;;;;;12389;31;12390;55;;;12388.0;0.0
3;1500;BANANAS;4793;24;;;;;4799;24;;;;;4796.0;16.3828125
3;1500;DOLPHIN_SIGHTINGS;;;;;;;;;;;;;3093.0;0.0
3;1500;DIP;7015;248;;;;;7017;248;;;;;7016.0;0.0
3;1500;PINA_COLADAS;14858;91;;;;;14861;91;;;;;14859.5;0.0
3;1500;PEARLS;9995;24;;;;;9998;5;10005;24;;;9996.5;22.0
3;1500;DIVING_GEAR;100221;29;;;;;100224;29;;;;;100222.5;0.0
3;1500;PICNIC_BASKET;73969;20;73968;18;;;73983;20;73984;18;;;73976.0;0.0
3;1500;BERRIES;3903;20;3902;45;;;3910;20;3911;45;;;3906.5;0.0
3;1600;DOLPHIN_SIGHTINGS;;;;;;;;;;;;;3093.0;0.0
3;1600;PICNIC_BASKET;73983;1;73982;20;73981;27;73994;1;73995;20;73996;27;73988.5;0.0
3;1600;BAGUETTE;12390;148;;;;;12392;60;12393;88;;;12391.0;0.0
3;1600;PEARLS;9996;1;9995;22;;;10004;1;10005;22;;;10000.0;32.0
3;1600;BANANAS;4793;1;4792;22;;;4799;23;;;;;4796.0;21.1171875
3;1600;DIVING_GEAR;100231;5;100230;20;;;100233;5;100234;20;;;100232.0;0.0
3;1600;BERRIES;3902;20;3901;46;;;3909;20;3910;46;;;3905.5;0.0
3;1600;DIP;7016;88;7015;156;;;7018;244;;;;;7017.0;0.0
3;1600;UKULELE;20700;60;;;;;20702;60;;;;;20701.0;0.0
3;1600;PINA_COLADAS;14861;34;14860;75;;;14863;34;14864;75;;;14862.0;0.0
3;1600;COCONUTS;7916;187;;;;;7919;187;;;;;7917.5;0.0
3;1700;DIP;7016;218;;;;;7018;218;;;;;7017.0;0.0
3;1700;PINA_COLADAS;14860;96;;;;;14863;96;;;;;14861.5;0.0
3;1700;PEARLS;9995;23;;;;;9998;6;10002;7;10005;23;9996.5;32.0
3;1700;DIVING_GEAR;100233;5;100232;16;;;100235;5;100236;16;;;100234.0;0.0
3;1700;PICNIC_BASKET;73991;16;73990;20;;;74004;16;74006;20;;;73997.5;0.0
3;1700;BERRIES;3902;16;3901;44;;;3909;16;3910;44;;;3905.5;0.0
3;1700;UKULELE;20702;54;;;;;20704;54;;;;;20703.0;0.0
3;1700;COCONUTS;7916;52;7915;119;;;7918;171;;;;;7917.0;0.0
3;1700;BAGUETTE;12391;34;12390;83;;;12392;34;12393;83;;;12391.5;0.0
3;1700;BANANAS;4793;23;;;;;4798;7;4799;23;;;4795.5;16.5234375
3;1700;DOLPHIN_SIGHTINGS;;;;;;;;;;;;;3094.0;0.0
3;1800;PEARLS;10002;1;9998;9;9996;1;10004;1;10005;29;;;10003.0;46.0
3;1800;DIVING_GEAR;100217;10;100216;16;;;100219;10;100220;16;;;100218.0;0.0
3;1800;BANANAS;4794;9;4793;30;;;4800;30;;;;;4797.0;16.15234375
3;1800;BERRIES;3901;16;3900;49;;;3908;16;3909;49;;;3904.5;0.0
3;1800;DIP;7017;53;7016;196;;;7019;249;;;;;7018.0;0.0
3;1800;UKULELE;20700;58;;;;;20702;58;;;;;20701.0;0.0
3;1800;PINA_COLADAS;14866;84;;;;;14869;84;;;;;14867.5;0.0
3;1800;COCONUTS;7917;187;;;;;7919;72;7920;115;;;7918.0;0.0
3;1800;DOLPHIN_SIGHTINGS;;;;;;;;;;;;;3094.0;0.0
3;1800;PICNIC_BASKET;73997;1;73996;16;73995;17;74002;6;74009;1;74010;16;73999.5;0.0
3;1800;BAGUETTE;12392;93;;;;;12394;40;12395;53;;;12393.0;0.0
3;1900;UKULELE;20697;71;;;;;20698;26;20699;45;;;20697.5;0.0
3;1900;BAGUETTE;12390;139;;;;;12392;44;12393;95;;;12391.0;0.0
3;1900;COCONUTS;7919;75;7918;180;;;7921;180;;;;;7920.0;0.0
3;1900;DOLPHIN_SIGHTINGS;;;;;;;;;;;;;3094.0;0.0
3;1900;BANANAS;4793;26;;;;;4800;26;;;;;4796.5;17.31640625
3;1900;PINA_COLADAS;14868;20;14867;54;;;14871;74;;;;;14869.5;0.0
3;1900;DIP;7013;262;;;;;7015;262;;;;;7014.0;0.0
3;1900;DIVING_GEAR;100214;7;100213;15;;;100216;7;100217;15;;;100215.0;0.0
3;1900;PEARLS;10002;1;9995;26;;;10005;26;;;;;10003.5;48.0
3;1900;PICNIC_BASKET;73977;15;73975;26;;;73990;15;73991;26;;;73983.5;0.0
3;1900;BERRIES;3902;15;3901;57;;;3908;15;3909;57;;;3905.0;0.0
3;2000;DOLPHIN_SIGHTINGS;;;;;;;;;;;;;3094.0;0.0
3;2000;PICNIC_BASKET;73981;2;73980;19;73979;30;73992;2;73993;19;73995;30;73986.5;0.0
3;2000;BAGUETTE;12393;91;;;;;12395;91;;;;;12394.0;0.0
3;2000;DIVING_GEAR;100216;6;100215;19;;;100218;6;100219;19;;;100217.0;0.0
3;2000;PEARLS;10002;1;9996;2;9995;28;10004;2;10005;28;;;10003.0;50.0
3;2000;BANANAS;4792;30;;;;;4799;30;;;;;4795.5;27.5078125
3;2000;BERRIES;3902;19;3901;59;;;3908;19;3909;59;;;3905.0;0.0
3;2000;UKULELE;20698;65;;;;;20699;30;20700;41;;;20698.5;0.0
3;2000;PINA_COLADAS;14872;34;14871;56;;;14875;90;;;;;14873.5;0.0
3;2000;COCONUTS;7919;67;7918;126;;;7921;193;;;;;7920.0;0.0
3;2000;DIP;7013;55;7012;140;;;7014;55;7015;140;;;7013.5;0.0
3;2100;PINA_COLADAS;14869;34;14868;68;;;14871;34;14872;68;;;14870.0;0.0
3;2100;DIP;7013;248;;;;;7015;248;;;;;7014.0;0.0
3;2100;DIVING_GEAR;100218;10;100217;17;;;100220;10;100221;17;;;100219.0;0.0
3;2100;PEARLS;9996;2;9995;27;;;10004;2;10005;27;;;10000.0;52.0
3;2100;PICNIC_BASKET;73992;2;73991;17;73990;30;74003;2;74005;17;74006;30;73997.5;0.0
3;2100;BERRIES;3901;17;3900;58;;;3908;75;;;;;3904.5;0.0
3;2100;UKULELE;20696;80;;;;;20697;30;20698;50;;;20696.5;0.0
3;2100;BAGUETTE;12397;47;12396;94;;;12398;47;12399;94;;;12397.5;0.0
3;2100;COCONUTS;7917;182;;;;;7920;182;;;;;7918.5;0.0
3;2100;DOLPHIN_SIGHTINGS;;;;;;;;;;;;;3094.0;0.0
3;2100;BANANAS;4794;1;4793;29;;;4799;2;4800;27;;;4796.5;19.54296875
3;2200;DIVING_GEAR;100219;8;100218;19;;;100221;8;100222;19;;;100220.0;0.0
3;2200;BANANAS;4793;24;;;;;4799;24;;;;;4796.0;20.90234375
3;2200;BERRIES;3901;19;3900;59;;;3908;19;3909;59;;;3904.5;0.0
3;2200;UKULELE;20695;75;;;;;20696;25;20697;50;;;20695.5;0.0
3;2200;COCONUTS;7917;226;;;;;7920;226;;;;;7918.5;0.0
3;2200;PINA_COLADAS;14870;107;;;;;14873;107;;;;;14871.5;0.0
3;2200;PEARLS;9996;1;9995;23;;;10004;1;10005;23;;;10000.0;52.0
3;2200;DIP;7011;216;;;;;7013;216;;;;;7012.0;0.0
3;2200;DOLPHIN_SIGHTINGS;;;;;;;;;;;;;3094.0;0.0
3;2200;PICNIC_BASKET;73990;1;73989;19;73988;25;74001;1;74002;19;74003;25;73995.5;0.0
3;2200;BAGUETTE;12399;35;12398;85;;;12400;35;12401;85;;;12399.5;0.0
3;2300;UKULELE;20692;26;20691;38;;;20693;26;20694;38;;;20692.5;0.0
3;2300;BAGUETTE;12399;60;12398;94;;;12400;60;12401;94;;;12399.5;0.0
3;2300;COCONUTS;7917;79;7916;108;;;7919;187;;;;;7918.0;0.0
3;2300;DOLPHIN_SIGHTINGS;;;;;;;;;;;;;3094.0;0.0
3;2300;BANANAS;4793;24;;;;;4799;1;4800;23;;;4796.0;19.21875
3;2300;PINA_COLADAS;14868;83;;;;;14871;83;;;;;14869.5;0.0
3;2300;PEARLS;9996;1;9995;23;;;10004;1;10005;23;;;10000.0;52.0
3;2300;DIP;7009;265;;;;;7011;94;7012;171;;;7010.0;0.0
3;2300;DIVING_GEAR;100218;19;;;;;100221;19;;;;;100219.5;0.0
3;2300;PICNIC_BASKET;73980;1;73979;10;73978;26;73992;1;73993;10;73994;26;73986.0;0.0
3;2300;BERRIES;3902;10;3901;45;;;3908;10;3909;45;;;3905.0;0.0
3;2400;DOLPHIN_SIGHTINGS;;;;;;;;;;;;;3095.0;0.0
3;2400;PICNIC_BASKET;73970;1;73969;18;73968;20;73981;1;73983;18;73984;20;73975.5;0.0
3;2400;BAGUETTE;12396;113;;;;;12398;113;;;;;12397.0;0.0
3;2400;DIVING_GEAR;100229;7;100228;18;;;100231;7;100232;18;;;100230.0;0.0
3;2400;BANANAS;4793;1;4792;28;;;4799;29;;;;;4796.0;25.19140625
3;2400;BERRIES;3901;18;3900;50;;;3908;18;3909;50;;;3904.5;0.0
3;2400;UKULELE;20688;62;;;;;20690;62;;;;;20689.0;0.0
3;2400;PINA_COLADAS;14869;38;14868;26;14867;74;14870;26;14871;74;;;14869.5;0.0
3;2400;PEARLS;9996;1;9995;28;;;10004;1;10005;28;;;10000.0;52.0
3;2400;COCONUTS;7917;163;;;;;7920;163;;;;;7918.5;0.0
3;2400;DIP;7008;212;;;;;7010;212;;;;;7009.0;0.0
3;2500;PINA_COLADAS;14868;33;14867;74;;;14871;107;;;;;14869.5;0.0
3;2500;PEARLS;9995;25;;;;;10005;25;;;;;10000.0;52.0
3;2500;DIP;7008;56;7007;143;;;7010;199;;;;;7009.0;0.0
3;2500;DIVING_GEAR;100224;16;;;;;100227;16;;;;;100225.5;0.0
3;2500;BERRIES;3901;10;3900;44;;;3908;10;3909;44;;;3904.5;0.0
3;2500;BAGUETTE;12396;116;;;;;12398;60;12399;56;;;12397.0;0.0
3;2500;PICNIC_BASKET;73963;10;73962;22;;;73977;10;73978;22;;;73970.0;0.0
3;2500;COCONUTS;7917;182;;;;;7920;182;;;;;7918.5;0.0
3;2500;DOLPHIN_SIGHTINGS;;;;;;;;;;;;;3094.0;0.0
3;2500;BANANAS;4792;25;;;;;4799;25;;;;;4795.5;28.4921875
3;2500;UKULELE;20687;22;20686;31;;;20688;53;;;;;20687.5;0.0
3;2600;DIVING_GEAR;100230;7;100229;14;;;100232;7;100233;14;;;100231.0;0.0
3;2600;BANANAS;4792;24;;;;;4796;9;4798;24;;;4794.0;34.046875
3;2600;BERRIES;3901;14;3900;56;;;3908;14;3909;56;;;3904.5;0.0
3;2600;UKULELE;20690;64;;;;;20691;15;20692;49;;;20690.5;0.0
3;2600;PICNIC_BASKET;73951;14;73950;15;;;73965;14;73966;15;;;73958.0;0.0
3;2600;PINA_COLADAS;14868;77;;;;;14871;77;;;;;14869.5;0.0
3;2600;PEARLS;9995;24;;;;;10002;9;10005;24;;;9998.5;52.0
3;2600;COCONUTS;7917;223;;;;;7920;223;;;;;7918.5;0.0
3;2600;DIP;7007;166;;;;;7009;166;;;;;7008.0;0.0
3;2600;DOLPHIN_SIGHTINGS;;;;;;;;;;;;;3094.0;0.0
3;2600;BAGUETTE;12399;46;12398;61;;;12400;46;12401;61;;;12399.5;0.0
3;2700;BAGUETTE;12398;130;;;;;12400;60;12401;70;;;12399.0;0.0
3;2700;PICNIC_BASKET;73951;17;73950;15;;;73965;17;73966;15;;;73958.0;0.0
3;2700;COCONUTS;7916;181;;;;;7918;54;7919;127;;;7917.0;0.0
3;2700;DOLPHIN_SIGHTINGS;;;;;;;;;;;;;3094.0;0.0
3;2700;BANANAS;4792;26;;;;;4799;26;;;;;4795.5;30.1015625
3;2700;UKULELE;20694;15;20693;39;;;20695;54;;;;;20694.5;0.0
3;2700;PINA_COLADAS;14864;93;;;;;14867;33;14868;60;;;14865.5;0.0
3;2700;PEARLS;9995;26;;;;;10005;26;;;;;10000.0;52.0
3;2700;DIP;7007;187;;;;;7009;187;;;;;7008.0;0.0
3;2700;DIVING_GEAR;100237;10;100236;17;;;100239;10;100240;17;;;100238.0;0.0
3;2700;BERRIES;3901;17;3900;45;;;3907;17;3908;45;;;3904.0;0.0
3;2800;DOLPHIN_SIGHTINGS;;;;;;;;;;;;;3094.0;0.0
3;2800;BAGUETTE;12393;52;12392;98;;;12394;52;12395;98;;;12393.5;0.0
3;2800;DIVING_GEAR;100243;19;;;;;100246;19;;;;;100244.5;0.0
3;2800;BANANAS;4793;23;;;;;4799;2;4800;21;;;4796.0;20.0625
3;2800;BERRIES;3901;14;3900;50;;;3908;14;3909;50;;;3904.5;0.0
3;2800;UKULELE;20693;16;20692;37;;;20694;53;;;;;20693.5;0.0
3;2800;PICNIC_BASKET;73958;2;73957;14;73956;16;73969;2;73971;14;73972;16;73963.5;0.0
3;2800;PINA_COLADAS;14867;95;;;;;14870;95;;;;;14868.5;0.0
3;2800;PEARLS;9996;2;9995;21;;;10004;2;10005;21;;;10000.0;52.0
3;2800;COCONUTS;7917;169;;;;;7920;169;;;;;7918.5;0.0
3;2800;DIP;7008;98;7007;112;;;7009;98;7010;112;;;7008.5;0.0
3;2900;PINA_COLADAS;14871;38;14870;70;;;14873;38;14874;70;;;14872.0;0.0
3;2900;PEARLS;9996;2;9995;27;;;10004;2;10005;27;;;10000.0;52.0
3;2900;DIP;7008;60;7007;129;;;7010;189;;;;;7009.0;0.0
3;2900;DIVING_GEAR;100258;18;;;;;100261;18;;;;;100259.5;0.0
3;2900;BERRIES;3901;11;3900;44;;;3907;11;3908;44;;;3904.0;0.0
3;2900;BAGUETTE;12396;41;12395;60;;;12397;41;12398;60;;;12396.5;0.0
3;2900;PICNIC_BASKET;73966;2;73965;11;73964;16;73977;2;73978;11;73979;16;73971.5;0.0
3;2900;COCONUTS;7918;181;;;;;7920;73;7921;108;;;7919.0;0.0
3;2900;DOLPHIN_SIGHTINGS;;;;;;;;;;;;;3094.0;0.0
3;2900;BANANAS;4792;29;;;;;4799;29;;;;;4795.5;26.89453125
3;2900;UKULELE;20697;46;;;;;20699;46;;;;;20698.0;0.0
3;3000;DIVING_GEAR;100253;21;;;;;100256;21;;;;;100254.5;0.0
3;3000;BANANAS;4792;31;;;;;4798;1;4799;30;;;4795.0;30.68359375
3;3000;BERRIES;3901;14;3900;50;;;3908;14;3909;50;;;3904.5;0.0
3;3000;UKULELE;20697;55;;;;;20699;55;;;;;20698.0;0.0
3;3000;PICNIC_BASKET;73958;1;73957;14;73956;19;73970;1;73971;14;73972;19;73964.0;0.0
3;3000;PINA_COLADAS;14868;20;14867;60;;;14870;20;14871;60;;;14869.0;0.0
3;3000;DIP;7008;51;7007;113;;;7009;51;7010;113;;;7008.5;0.0
3;3000;PEARLS;10002;1;9996;1;9995;30;10004;1;10005;30;;;10003.0;52.0
3;3000;COCONUTS;7917;225;;;;;7920;225;;;;;7918.5;0.0
3;3000;DOLPHIN_SIGHTINGS;;;;;;;;;;;;;3093.0;0.0
3;3000;BAGUETTE;12396;31;12395;51;;;12397;31;12398;51;;;12396.5;0.0
3;3100;BAGUETTE;12394;138;;;;;12396;138;;;;;12395.0;0.0
3;3100;PICNIC_BASKET;73960;10;73959;25;;;73974;10;73975;25;;;73967.0;0.0
3;3100;COCONUTS;7918;210;;;;;7921;210;;;;;7919.5;0.0
3;3100;DOLPHIN_SIGHTINGS;;;;;;;;;;;;;3093.0;0.0
3;3100;BANANAS;4792;28;;;;;4798;28;;;;;4795.0;34.30859375
3;3100;UKULELE;20693;25;20692;36;;;20694;61;;;;;20693.5;0.0
3;3100;PINA_COLADAS;14869;86;;;;;14872;86;;;;;14870.5;0.0
3;3100;DIP;7009;105;7008;128;;;7010;94;7011;128;;;7009.5;0.0
3;3100;DIVING_GEAR;100250;16;;;;;100253;16;;;;;100251.5;0.0
3;3100;PEARLS;9995;28;;;;;10005;28;;;;;10000.0;61.0
3;3100;BERRIES;3904;2;3901;10;3900;53;3908;10;3909;53;;;3906.0;0.0
3;3200;DOLPHIN_SIGHTINGS;;;;;;;;;;;;;3093.0;0.0
3;3200;BAGUETTE;12394;109;;;;;12396;109;;;;;12395.0;0.0
3;3200;BANANAS;4796;1;4791;21;;;4798;21;;;;;4797.0;42.5390625
3;3200;BERRIES;3901;15;3900;53;;;3903;16;3908;15;3909;53;3902.0;0.0
3;3200;UKULELE;20689;16;20688;32;;;20690;48;;;;;20689.5;0.0
3;3200;PICNIC_BASKET;73958;15;73957;16;;;73971;15;73972;16;;;73964.5;0.0
3;3200;DIP;7011;215;;;;;7013;203;;;;;7012.0;0.0
3;3200;DIVING_GEAR;100253;21;;;;;100256;21;;;;;100254.5;0.0
3;3200;PEARLS;9995;21;;;;;10005;21;;;;;10000.0;61.0
3;3200;COCONUTS;7918;177;;;;;7921;177;;;;;7919.5;0.0
3;3200;PINA_COLADAS;14870;32;14869;57;;;14872;32;14873;57;;;14871.0;0.0
3;3300;PEARLS;10000;5;9996;2;9995;23;10004;2;10005;23;;;10002.0;61.0
3;3300;DIP;7012;89;7011;179;;;7013;89;7014;179;;;7012.5;0.0
3;3300;DIVING_GEAR;100258;8;100257;18;;;100260;8;100261;18;;;100259.0;0.0
3;3300;PINA_COLADAS;14871;90;;;;;14874;90;;;;;14872.5;0.0
3;3300;BERRIES;3901;18;3900;58;;;3907;18;3908;58;;;3904.0;0.0
3;3300;BAGUETTE;12392;120;;;;;12394;120;;;;;12393.0;0.0
3;3300;PICNIC_BASKET;73948;2;73947;18;73945;16;73953;8;73959;2;73960;18;73950.5;0.0
3;3300;COCONUTS;7919;168;;;;;7921;47;7922;121;;;7920.0;0.0
3;3300;DOLPHIN_SIGHTINGS;;;;;;;;;;;;;3093.0;0.0
3;3300;BANANAS;4791;25;;;;;4797;25;;;;;4794.0;50.046875
3;3300;UKULELE;20686;16;20685;38;;;20687;54;;;;;20686.5;0.0
3;3400;COCONUTS;7919;190;;;;;7921;61;7922;129;;;7920.0;0.0
3;3400;BANANAS;4791;30;;;;;4798;30;;;;;4794.5;47.21875
3;3400;BERRIES;3900;13;3899;41;;;3907;13;3908;41;;;3903.5;0.0
3;3400;UKULELE;20684;30;20683;47;;;20685;77;;;;;20684.5;0.0
3;3400;PICNIC_BASKET;73942;13;73941;30;;;73956;13;73957;30;;;73949.0;0.0
3;3400;PEARLS;10002;1;9995;30;;;10005;30;;;;;10003.5;61.0
3;3400;DIP;7012;250;;;;;7014;250;;;;;7013.0;0.0
3;3400;DIVING_GEAR;100262;21;;;;;100265;21;;;;;100263.5;0.0
3;3400;PINA_COLADAS;14872;108;;;;;14875;108;;;;;14873.5;0.0
3;3400;DOLPHIN_SIGHTINGS;;;;;;;;;;;;;3093.0;0.0
3;3400;BAGUETTE;12393;42;12392;100;;;12394;42;12395;100;;;12393.5;0.0
3;3500;BAGUETTE;12392;116;;;;;12394;51;12395;65;;;12393.0;0.0
3;3500;PICNIC_BASKET;73959;1;73957;13;73956;25;73970;1;73971;13;73972;25;73964.5;0.0
3;3500;DOLPHIN_SIGHTINGS;;;;;;;;;;;;;3093.0;0.0
3;3500;COCONUTS;7920;198;;;;;7923;198;;;;;7921.5;0.0
3;3500;BANANAS;4791;31;;;;;4797;31;;;;;4794.0;48.484375
3;3500;UKULELE;20683;70;;;;;20685;70;;;;;20684.0;0.0
3;3500;PEARLS;9996;1;9995;30;;;10004;1;10005;30;;;10000.0;63.0
3;3500;DIP;7013;197;;;;;7015;197;;;;;7014.0;0.0
3;3500;DIVING_GEAR;100259;7;100258;13;;;100261;7;100262;13;;;100260.0;0.0
3;3500;PINA_COLADAS;14875;86;;;;;14878;26;14879;60;;;14876.5;0.0
3;3500;BERRIES;3904;1;3900;13;3899;45;3907;13;3908;45;;;3905.5;0.0
3;3600;BAGUETTE;12392;33;12391;89;;;12393;33;12394;89;;;12392.5;0.0
3;3600;DOLPHIN_SIGHTINGS;;;;;;;;;;;;;3092.0;0.0
3;3600;COCONUTS;7921;196;;;;;7924;196;;;;;7922.5;0.0
3;3600;BERRIES;3901;19;3900;44;;;3908;19;3909;44;;;3904.5;0.0
3;3600;BANANAS;4791;1;4790;23;;;4797;24;;;;;4794.0;52.3984375
3;3600;UKULELE;20682;69;;;;;20683;22;20684;47;;;20682.5;0.0
3;3600;PICNIC_BASKET;73963;1;73962;19;73961;22;73975;1;73976;19;73977;22;73969.0;0.0
3;3600;PEARLS;10002;3;10000;3;9996;1;10004;1;10005;23;;;10003.0;63.0
3;3600;DIP;7012;212;;;;;7014;212;;;;;7013.0;0.0
3;3600;DIVING_GEAR;100257;26;;;;;100260;26;;;;;100258.5;0.0
3;3600;PINA_COLADAS;14878;33;14877;72;;;14880;33;14881;72;;;14879.0;0.0
3;3700;PEARLS;9996;2;9995;25;;;10004;2;10005;25;;;10000.0;69.0
3;3700;DIP;7011;245;;;;;7013;245;;;;;7012.0;0.0
3;3700;DIVING_GEAR;100268;7;100267;18;;;100270;7;100271;18;;;100269.0;0.0
3;3700;PINA_COLADAS;14879;39;14878;65;;;14882;104;;;;;14880.5;0.0
3;3700;BERRIES;3900;18;3899;44;;;3907;18;3908;44;;;3903.5;0.0
3;3700;BAGUETTE;12392;37;12391;52;;;12393;37;12394;52;;;12392.5;0.0
3;3700;PICNIC_BASKET;73966;2;73965;18;73964;19;73978;2;73979;18;73980;19;73972.0;0.0
3;3700;DOLPHIN_SIGHTINGS;;;;;;;;;;;;;3092.0;0.0
3;3700;COCONUTS;7921;198;;;;;7923;56;7924;142;;;7922.0;0.0
3;3700;BANANAS;4791;27;;;;;4798;27;;;;;4794.5;42.6796875
3;3700;UKULELE;20682;69;;;;;20683;19;20684;50;;;20682.5;0.0
3;3800;COCONUTS;7922;65;7921;144;;;7924;209;;;;;7923.0;0.0
3;3800;BERRIES;3902;1;3899;12;3898;41;3906;12;3907;41;;;3904.0;0.0
3;3800;BANANAS;4792;20;;;;;4799;20;;;;;4795.5;33.2421875
3;3800;UKULELE;20683;19;20682;32;;;20684;51;;;;;20683.5;0.0
3;3800;PICNIC_BASKET;73967;12;73966;19;;;73980;12;73981;19;;;73973.5;0.0
3;3800;PEARLS;10002;1;9995;20;;;10005;20;;;;;10003.5;69.0
3;3800;DIP;7012;270;;;;;7014;270;;;;;7013.0;0.0
3;3800;DIVING_GEAR;100273;21;;;;;100276;21;;;;;100274.5;0.0
3;3800;PINA_COLADAS;14880;33;14879;60;;;14882;33;14883;60;;;14881.0;0.0
3;3800;BAGUETTE;12394;42;12393;84;;;12395;38;12396;84;;;12394.5;0.0
3;3800;DOLPHIN_SIGHTINGS;;;;;;;;;;;;;3092.0;0.0
3;3900;BAGUETTE;12392;107;;;;;12394;50;12395;57;;;12393.0;0.0
3;3900;PICNIC_BASKET;73968;1;73967;20;73966;24;73979;1;73980;20;73982;24;73973.5;0.0
3;3900;DOLPHIN_SIGHTINGS;;;;;;;;;;;;;3092.0;0.0
3;3900;COCONUTS;7922;207;;;;;7925;207;;;;;7923.5;0.0
3;3900;BANANAS;4792;24;;;;;4796;10;4798;24;;;4794.0;36.75
3;3900;UKULELE;20683;56;;;;;20685;56;;;;;20684.0;0.0
3;3900;PEARLS;9996;1;9995;23;;;9998;1;10002;10;10004;1;9997.0;73.0
3;3900;DIP;7013;57;7012;178;;;7014;57;7015;178;;;7013.5;0.0
3;3900;DIVING_GEAR;100278;29;;;;;100281;29;;;;;100279.5;0.0
3;3900;PINA_COLADAS;14880;21;14879;61;;;14881;23;14883;82;;;14880.5;0.0
3;3900;BERRIES;3899;20;3898;47;;;3906;20;3907;47;;;3902.5;0.0
3;4000;DOLPHIN_SIGHTINGS;;;;;;;;;;;;;3091.0;0.0
3;4000;COCONUTS;7922;15;7921;118;;;7924;180;;;;;7923.0;0.0
3;4000;BERRIES;3898;16;3897;52;;;3905;16;3906;52;;;3901.5;0.0
3;4000;UKULELE;20683;62;;;;;20684;26;20685;36;;;20683.5;0.0
3;4000;BAGUETTE;12391;40;12390;100;;;12393;140;;;;;12392.0;0.0
3;4000;BANANAS;4792;20;;;;;4799;20;;;;;4795.5;30.84375
3;4000;PICNIC_BASKET;73970;16;73969;26;;;73983;16;73984;26;;;73976.5;0.0
3;4000;PEARLS;9995;20;;;;;10005;20;;;;;10000.0;75.0
3;4000;DIP;7012;222;;;;;7014;222;;;;;7013.0;0.0
3;4000;DIVING_GEAR;100285;6;100284;16;;;100287;6;100288;16;;;100286.0;0.0
3;4000;PINA_COLADAS;14875;79;;;;;14878;28;14879;51;;;14876.5;0.0
3;4100;PEARLS;9996;1;9995;20;;;10004;1;10005;20;;;10000.0;75.0
3;4100;DIVING_GEAR;100297;9;100296;16;;;100299;9;100300;16;;;100298.0;0.0
3;4100;PINA_COLADAS;14876;33;14875;53;;;14878;33;14879;53;;;14877.0;0.0
3;4100;BERRIES;3897;16;3896;54;;;3904;16;3905;54;;;3900.5;0.0
3;4100;BAGUETTE;12393;43;12392;94;;;12394;43;12395;94;;;12393.5;0.0
3;4100;PICNIC_BASKET;73964;1;73963;16;73961;28;73975;1;73976;16;73977;28;73969.5;0.0
3;4100;DOLPHIN_SIGHTINGS;;;;;;;;;;;;;3092.0;0.0
3;4100;COCONUTS;7921;188;;;;;7923;56;7924;132;;;7922.0;0.0
3;4100;DIP;7012;94;7011;199;;;7013;94;7014;199;;;7012.5;0.0
3;4100;UKULELE;20678;66;;;;;20680;66;;;;;20679.0;0.0
3;4100;BANANAS;4792;21;;;;;4798;1;4799;20;;;4795.0;31.9375
3;4200;COCONUTS;7919;202;;;;;7922;202;;;;;7920.5;0.0
3;4200;BERRIES;3897;15;3896;54;;;3904;15;3905;54;;;3900.5;0.0
3;4200;UKULELE;20683;73;;;;;20684;23;20685;50;;;20683.5;0.0
3;4200;BAGUETTE;12393;35;12392;92;;;12395;127;;;;;12394.0;0.0
3;4200;BANANAS;4792;31;;;;;4798;2;4799;29;;;4795.0;32.53125
3;4200;PICNIC_BASKET;73957;15;73956;23;;;73969;2;73970;15;73971;23;73963.0;0.0
3;4200;DIVING_GEAR;100297;7;100296;15;;;100299;7;100300;15;;;100298.0;0.0
3;4200;PEARLS;9996;2;9995;29;;;10004;2;10005;29;;;10000.0;75.0
3;4200;PINA_COLADAS;14874;34;14873;61;;;14876;34;14877;61;;;14875.0;0.0
3;4200;DIP;7011;92;7010;122;;;7012;92;7013;122;;;7011.5;0.0
3;4200;DOLPHIN_SIGHTINGS;;;;;;;;;;;;;3092.0;0.0
3;4300;PICNIC_BASKET;73962;10;73961;27;;;73976;10;73977;27;;;73969.0;0.0
3;4300;DOLPHIN_SIGHTINGS;;;;;;;;;;;;;3092.0;0.0
3;4300;COCONUTS;7920;216;;;;;7923;216;;;;;7921.5;0.0
3;4300;PINA_COLADAS;14875;104;;;;;14878;104;;;;;14876.5;0.0
3;4300;DIP;7012;163;;;;;7014;163;;;;;7013.0;0.0
3;4300;UKULELE;20684;70;;;;;20686;70;;;;;20685.0;0.0
3;4300;BANANAS;4792;27;;;;;4797;8;4799;27;;;4794.5;34.1328125
3;4300;DIVING_GEAR;100300;9;100299;10;;;100302;9;100303;10;;;100301.0;0.0
3;4300;PEARLS;9995;27;;;;;10002;8;10005;27;;;9998.5;75.0
3;4300;BERRIES;3897;10;3896;53;;;3904;10;3905;53;;;3900.5;0.0
3;4300;BAGUETTE;12394;30;12393;52;;;12396;82;;;;;12395.0;0.0
3;4400;PINA_COLADAS;14873;90;;;;;14876;90;;;;;14874.5;0.0
3;4400;DIP;7011;282;;;;;7013;282;;;;;7012.0;0.0
3;4400;DOLPHIN_SIGHTINGS;;;;;;;;;;;;;3093.0;0.0
3;4400;COCONUTS;7920;170;;;;;7922;52;7923;118;;;7921.0;0.0
3;4400;BERRIES;3896;12;3895;48;;;3903;12;3904;48;;;3899.5;0.0
3;4400;UKULELE;20678;53;;;;;20680;53;;;;;20679.0;0.0
3;4400;BAGUETTE;12396;33;12395;86;;;12397;33;12398;86;;;12396.5;0.0
3;4400;BANANAS;4792;20;;;;;4799;20;;;;;4795.5;28.8515625
3;4400;PICNIC_BASKET;73950;12;73948;15;;;73963;12;73964;15;;;73956.5;0.0
3;4400;PEARLS;9995;20;;;;;10005;20;;;;;10000.0;75.0
3;4400;DIVING_GEAR;100291;7;100290;12;;;100293;7;100294;12;;;100292.0;0.0
3;4500;PEARLS;9996;1;9995;24;;;10004;1;10005;24;;;10000.0;75.0
3;4500;DIVING_GEAR;100289;26;;;;;100292;26;;;;;100290.5;0.0
3;4500;BERRIES;3897;20;3896;55;;;3903;20;3904;55;;;3900.0;0.0
3;4500;BAGUETTE;12396;95;;;;;12398;95;;;;;12397.0;0.0
3;4500;PICNIC_BASKET;73956;1;73955;20;73954;29;73967;1;73968;20;73969;29;73961.5;0.0
3;4500;DOLPHIN_SIGHTINGS;;;;;;;;;;;;;3093.0;0.0
3;4500;PINA_COLADAS;14873;80;;;;;14876;80;;;;;14874.5;0.0
3;4500;COCONUTS;7920;213;;;;;7922;213;;;;;7921.0;0.0
3;4500;DIP;7011;179;;;;;7012;9;7013;179;;;7011.5;0.0
3;4500;UKULELE;20683;64;;;;;20684;29;20685;35;;;20683.5;0.0
3;4500;BANANAS;4792;25;;;;;4793;1;4799;25;;;4792.5;27.5234375
3;4600;COCONUTS;7920;190;;;;;7923;190;;;;;7921.5;0.0
3;4600;BERRIES;3897;14;3896;50;;;3904;14;3905;50;;;3900.5;0.0
3;4600;UKULELE;20686;58;;;;;20687;20;20688;38;;;20686.5;0.0
3;4600;BAGUETTE;12397;59;12396;51;;;12399;110;;;;;12398.0;0.0
3;4600;BANANAS;4792;25;;;;;4797;9;4798;2;4799;23;4794.5;35.328125
3;4600;PICNIC_BASKET;73972;2;73971;14;73970;20;73984;2;73985;14;73986;20;73978.0;0.0
3;4600;PEARLS;9996;2;9995;23;;;10002;9;10004;2;10005;23;9999.0;75.0
3;4600;DIVING_GEAR;100292;19;;;;;100295;19;;;;;100293.5;0.0
3;4600;PINA_COLADAS;14873;83;;;;;14874;32;14876;83;;;14873.5;0.0
3;4600;DIP;7013;224;;;;;7015;224;;;;;7014.0;0.0
3;4600;DOLPHIN_SIGHTINGS;;;;;;;;;;;;;3093.0;0.0
3;4700;DOLPHIN_SIGHTINGS;;;;;;;;;;;;;3093.0;0.0
3;4700;PICNIC_BASKET;73980;2;73979;17;73978;21;73991;2;73992;17;73993;21;73985.5;0.0
3;4700;PINA_COLADAS;14874;31;14873;53;;;14877;84;;;;;14875.5;0.0
3;4700;COCONUTS;7919;172;;;;;7921;64;7922;108;;;7920.0;0.0
3;4700;DIP;7014;277;;;;;7016;277;;;;;7015.0;0.0
3;4700;UKULELE;20692;21;20691;43;;;20693;21;20694;43;;;20692.5;0.0
3;4700;BANANAS;4792;2;4791;27;;;4798;27;;;;;4795.0;46.125
3;4700;PEARLS;9998;2;9996;2;9995;25;10004;2;10005;25;;;10001.0;75.0
3;4700;DIVING_GEAR;100297;23;;;;;100300;23;;;;;100298.5;0.0
3;4700;BERRIES;3900;24;3897;17;3896;51;3904;17;3905;51;;;3902.0;0.0
3;4700;BAGUETTE;12396;56;12395;93;;;12397;56;12398;93;;;12396.5;0.0
3;4800;PINA_COLADAS;14874;98;;;;;14877;98;;;;;14875.5;0.0
3;4800;DIP;7016;233;;;;;7018;233;;;;;7017.0;0.0
3;4800;DOLPHIN_SIGHTINGS;;;;;;;;;;;;;3094.0;0.0
3;4800;COCONUTS;7919;192;;;;;7922;192;;;;;7920.5;0.0
3;4800;BERRIES;3897;18;3896;59;;;3903;18;3904;59;;;3900.0;0.0
3;4800;UKULELE;20692;20;20691;44;;;20693;64;;;;;20692.5;0.0
3;4800;BAGUETTE;12402;98;;;;;12404;98;;;;;12403.0;0.0
3;4800;BANANAS;4791;1;4790;29;;;4797;30;;;;;4794.0;53.53125
3;4800;PEARLS;9996;1;9995;29;;;10004;1;10005;29;;;10000.0;75.0
3;4800;DIVING_GEAR;100294;7;100293;18;;;100296;7;100297;18;;;100295.0;0.0
3;4800;PICNIC_BASKET;74004;1;74003;18;74002;20;74015;1;74016;18;74018;20;74009.5;0.0
3;4900;PEARLS;9995;27;;;;;10002;7;10005;27;;;9998.5;75.0
3;4900;DIVING_GEAR;100286;8;100285;13;;;100288;8;100289;13;;;100287.0;0.0
3;4900;BERRIES;3896;13;3895;59;;;3903;13;3904;59;;;3899.5;0.0
3;4900;BAGUETTE;12406;37;12405;53;;;12408;90;;;;;12407.0;0.0
3;4900;DOLPHIN_SIGHTINGS;;;;;;;;;;;;;3094.0;0.0
3;4900;PICNIC_BASKET;74000;13;73999;24;;;74013;13;74014;24;;;74006.5;0.0
3;4900;PINA_COLADAS;14876;25;14875;52;;;14878;25;14879;52;;;14877.0;0.0
3;4900;COCONUTS;7920;155;;;;;7922;155;;;;;7921.0;0.0
3;4900;DIP;7014;161;;;;;7016;161;;;;;7015.0;0.0
3;4900;UKULELE;20693;24;20692;37;;;20694;61;;;;;20693.5;0.0
3;4900;BANANAS;4790;27;;;;;4794;7;4796;27;;;4792.0;63.17578125
3;5000;COCONUTS;7920;180;;;;;7923;180;;;;;7921.5;0.0
3;5000;BERRIES;3896;18;3895;57;;;3903;18;3904;57;;;3899.5;0.0
3;5000;UKULELE;20689;63;;;;;20691;63;;;;;20690.0;0.0
3;5000;BAGUETTE;12405;33;12404;81;;;12406;33;12407;81;;;12405.5;0.0
3;5000;BANANAS;4791;9;4790;22;;;4796;2;4797;20;;;4793.5;62.3125
3;5000;PEARLS;10002;2;9998;9;9996;2;10004;2;10005;20;;;10003.0;75.0
3;5000;DIVING_GEAR;100282;5;100281;18;;;100284;5;100285;18;;;100283.0;0.0
3;5000;PICNIC_BASKET;74002;2;74001;18;74000;24;74007;8;74013;2;74014;18;74004.5;0.0
3;5000;PINA_COLADAS;14876;87;;;;;14879;87;;;;;14877.5;0.0
3;5000;DIP;7015;242;;;;;7017;242;;;;;7016.0;0.0
3;5000;DOLPHIN_SIGHTINGS;;;;;;;;;;;;;3093.0;0.0
3;5100;DOLPHIN_SIGHTINGS;;;;;;;;;;;;;3093.0;0.0
3;5100;PICNIC_BASKET;73999;2;73997;20;73996;28;74010;2;74011;20;74012;28;74004.5;0.0
3;5100;PINA_COLADAS;14878;39;14877;53;;;14880;39;14881;53;;;14879.0;0.0
3;5100;COCONUTS;7921;160;;;;;7924;160;;;;;7922.5;0.0
3;5100;DIP;7013;218;;;;;7015;218;;;;;7014.0;0.0
3;5100;UKULELE;20690;28;20689;33;;;20691;61;;;;;20690.5;0.0
3;5100;BANANAS;4790;22;;;;;4794;2;4796;22;;;4792.0;64.3046875
3;5100;PEARLS;9996;2;9995;20;;;9998;1;10002;2;10004;2;9997.0;79.0
3;5100;DIVING_GEAR;100269;26;;;;;100272;26;;;;;100270.5;0.0
3;5100;BERRIES;3896;20;3895;56;;;3903;20;3904;56;;;3899.5;0.0
3;5100;BAGUETTE;12407;118;;;;;12409;30;12410;88;;;12408.0;0.0
3;5200;PINA_COLADAS;14875;75;;;;;14878;75;;;;;14876.5;0.0
3;5200;DIP;7013;230;;;;;7015;230;;;;;7014.0;0.0
3;5200;BANANAS;4790;29;;;;;4796;29;;;;;4793.0;63.71875
3;5200;DOLPHIN_SIGHTINGS;;;;;;;;;;;;;3093.0;0.0
3;5200;COCONUTS;7921;147;;;;;7924;147;;;;;7922.5;0.0
3;5200;BERRIES;3896;10;3895;55;;;3903;10;3904;55;;;3899.5;0.0
3;5200;UKULELE;20687;68;;;;;20689;68;;;;;20688.0;0.0
3;5200;BAGUETTE;12402;122;;;;;12404;122;;;;;12403.0;0.0
3;5200;PEARLS;9996;2;9995;27;;;10004;2;10005;27;;;10000.0;81.0
3;5200;DIVING_GEAR;100263;15;;;;;100266;15;;;;;100264.5;0.0
3;5200;PICNIC_BASKET;74003;2;74002;10;74001;28;74015;2;74016;10;74017;28;74009.0;0.0
3;5300;BANANAS;4790;24;;;;;4796;24;;;;;4793.0;63.828125
3;5300;DIVING_GEAR;100263;18;;;;;100266;18;;;;;100264.5;0.0
3;5300;PEARLS;9995;24;;;;;10005;24;;;;;10000.0;81.0
3;5300;BERRIES;3896;13;3895;40;;;3903;13;3904;40;;;3899.5;0.0
3;5300;BAGUETTE;12402;58;12401;84;;;12403;58;12404;84;;;12402.5;0.0
3;5300;DOLPHIN_SIGHTINGS;;;;;;;;;;;;;3094.0;0.0
3;5300;PICNIC_BASKET;73996;13;73995;20;;;74009;13;74010;20;;;74002.5;0.0
3;5300;PINA_COLADAS;14874;25;14873;71;;;14877;96;;;;;14875.5;0.0
3;5300;DIP;7013;84;7012;159;;;7015;243;;;;;7014.0;0.0
3;5300;COCONUTS;7921;175;;;;;7923;51;7924;124;;;7922.0;0.0
3;5300;UKULELE;20687;20;20686;50;;;20688;70;;;;;20687.5;0.0
3;5400;COCONUTS;7922;57;7921;129;;;7924;186;;;;;7923.0;0.0
3;5400;BERRIES;3895;11;3894;58;;;3902;11;3903;58;;;3898.5;0.0
3;5400;UKULELE;20681;19;20680;44;;;20682;63;;;;;20681.5;0.0
3;5400;BAGUETTE;12404;59;12403;58;;;12405;59;12406;58;;;12404.5;0.0
3;5400;DIVING_GEAR;100267;9;100266;11;;;100269;9;100270;11;;;100268.0;0.0
3;5400;PEARLS;10002;1;9996;1;9995;20;10004;1;10005;20;;;10003.0;81.0
3;5400;PICNIC_BASKET;73994;1;73993;11;73992;19;74005;1;74007;11;74008;19;73999.5;0.0
3;5400;DIP;7012;215;;;;;7014;215;;;;;7013.0;0.0
3;5400;PINA_COLADAS;14876;92;;;;;14879;32;14880;60;;;14877.5;0.0
3;5400;BANANAS;4791;21;;;;;4797;21;;;;;4794.0;51.28125
3;5400;DOLPHIN_SIGHTINGS;;;;;;;;;;;;;3094.0;0.0
3;5500;DOLPHIN_SIGHTINGS;;;;;;;;;;;;;3094.0;0.0
3;5500;PICNIC_BASKET;74009;7;74004;2;74003;19;74015;2;74016;19;74017;15;74012.0;0.0
3;5500;DIP;7013;199;;;;;7015;199;;;;;7014.0;0.0
3;5500;COCONUTS;7921;58;7920;136;;;7923;194;;;;;7922.0;0.0
3;5500;PINA_COLADAS;14875;84;;;;;14878;84;;;;;14876.5;0.0
3;5500;UKULELE;20685;51;;;;;20687;51;;;;;20686.0;0.0
3;5500;PEARLS;10002;1;9996;2;9995;29;10004;2;10005;29;;;10003.0;88.0
3;5500;BANANAS;4790;31;;;;;4797;31;;;;;4793.5;56.13671875
3;5500;DIVING_GEAR;100277;25;;;;;100280;25;;;;;100278.5;0.0
3;5500;BERRIES;3896;19;3895;52;;;3902;19;3903;52;;;3899.0;0.0
3;5500;BAGUETTE;12403;51;12402;79;;;12404;51;12405;79;;;12403.5;0.0
3;5600;DIP;7012;211;;;;;7014;217;;;;;7013.0;-62.5625
3;5600;PINA_COLADAS;14875;106;;;;;14878;106;;;;;14876.5;0.0
3;5600;BANANAS;4793;1;4790;28;;;4795;6;4797;28;;;4794.0;90.0
3;5600;DOLPHIN_SIGHTINGS;;;;;;;;;;;;;3094.0;0.0
3;5600;BERRIES;3895;12;3894;41;;;3902;12;3903;41;;;3898.5;0.0
3;5600;UKULELE;20684;60;;;;;20685;16;20686;44;;;20684.5;-16.921875
3;5600;COCONUTS;7920;44;7919;147;;;7922;191;;;;;7921.0;0.0
3;5600;BAGUETTE;12406;83;;;;;12408;30;12409;53;;;12407.0;45.65625
3;5600;PEARLS;9996;1;9995;27;;;10002;9;10004;1;10005;27;9999.0;88.0
3;5600;DIVING_GEAR;100279;5;100278;12;;;100281;5;100282;12;;;100280.0;0.0
3;5600;PICNIC_BASKET;74005;1;74004;12;74003;16;74016;1;74018;12;74019;16;74010.5;-12.46875
3;5700;PEARLS;9995;21;;;;;10005;21;;;;;10000.0;88.0
3;5700;BANANAS;4790;21;;;;;4791;1;4797;21;;;4790.5;90.0
3;5700;DIVING_GEAR;100275;5;100274;11;;;100277;5;100278;11;;;100276.0;0.0
3;5700;BERRIES;3896;11;3895;43;;;3903;11;3904;43;;;3899.5;0.0
3;5700;BAGUETTE;12407;123;;;;;12409;123;;;;;12408.0;56.890625
3;5700;DOLPHIN_SIGHTINGS;;;;;;;;;;;;;3094.0;0.0
3;5700;PICNIC_BASKET;74001;11;74000;20;;;74007;4;74014;11;74015;20;74004.0;8.6875
3;5700;DIP;7012;88;7011;152;;;7013;88;7014;152;;;7012.5;-75.546875
3;5700;PINA_COLADAS;14877;106;;;;;14880;106;;;;;14878.5;0.0
3;5700;UKULELE;20682;65;;;;;20684;65;;;;;20683.0;-30.875
3;5700;COCONUTS;7920;177;;;;;7923;177;;;;;7921.5;0.0
3;5800;UKULELE;20679;53;;;;;20680;18;20681;35;;;20679.5;-56.84375
3;5800;COCONUTS;7920;189;;;;;7921;63;7923;189;;;7920.5;0.0
3;5800;BAGUETTE;12409;51;12408;95;;;12410;51;12411;95;;;12409.5;81.03125
3;5800;PEARLS;9996;1;9995;29;;;9998;1;10004;1;10005;29;9997.0;88.0
3;5800;DIVING_GEAR;100277;6;100276;16;;;100279;6;100280;16;;;100278.0;0.0
3;5800;PICNIC_BASKET;74009;1;74008;16;74007;18;74021;1;74022;16;74023;18;74015.0;-51.4375
3;5800;BERRIES;3896;16;3895;42;;;3903;16;3904;42;;;3899.5;0.0
3;5800;DIP;7012;11;7011;256;;;7013;256;;;;;7012.5;-86.53125
3;5800;PINA_COLADAS;14881;30;14880;72;;;14883;30;14884;72;;;14882.0;0.0
3;5800;BANANAS;4790;30;;;;;4797;30;;;;;4793.5;92.54833984375
3;5800;DOLPHIN_SIGHTINGS;;;;;;;;;;;;;3094.0;0.0
3;5900;DOLPHIN_SIGHTINGS;;;;;;;;;;;;;3094.0;0.0
3;5900;PICNIC_BASKET;74001;1;74000;19;73999;22;74013;1;74014;19;74015;22;74007.0;12.75
3;5900;DIP;7012;230;;;;;7014;230;;;;;7013.0;-64.546875
3;5900;UKULELE;20677;22;20676;34;;;20678;22;20679;34;;;20677.5;-76.640625
3;5900;PINA_COLADAS;14879;37;14878;61;;;14881;37;14882;61;;;14880.0;0.0
3;5900;COCONUTS;7920;175;;;;;7921;53;7922;53;7923;122;7920.5;0.0
3;5900;PEARLS;9998;6;9996;1;9995;23;10004;1;10005;23;;;10001.0;90.0
3;5900;BANANAS;4791;6;4790;23;;;4797;24;;;;;4794.0;92.63916015625
3;5900;DIVING_GEAR;100275;26;;;;;100278;26;;;;;100276.5;0.0
3;5900;BERRIES;3900;6;3896;19;3895;47;3903;19;3904;47;;;3901.5;0.0
3;5900;BAGUETTE;12410;41;12409;66;;;12411;41;12412;66;;;12410.5;99.875
3;6000;DIP;7014;215;;;;;7016;215;;;;;7015.0;12.609375
3;6000;PINA_COLADAS;14880;28;14879;63;;;14882;28;14883;63;;;14881.0;0.0
3;6000;BANANAS;4790;21;;;;;4797;21;;;;;4793.5;92.6328125
3;6000;DOLPHIN_SIGHTINGS;;;;;;;;;;;;;3094.0;0.0
3;6000;UKULELE;20673;49;;;;;20675;49;;;;;20674.0;-109.171875
3;6000;COCONUTS;7920;186;;;;;7923;186;;;;;7921.5;0.0
3;6000;BAGUETTE;12408;31;12407;52;;;12409;31;12410;52;;;12408.5;64.28125
3;6000;PEARLS;9996;1;9995;20;;;10004;1;10005;20;;;10000.0;90.0
3;6000;DIVING_GEAR;100283;6;100282;18;;;100285;6;100286;18;;;100284.0;0.0
3;6000;PICNIC_BASKET;74015;2;74010;1;74009;18;74021;1;74022;18;74023;19;74018.0;-62.0
3;6000;BERRIES;3896;18;3895;57;;;3903;18;3904;57;;;3899.5;0.0
3;6100;PEARLS;9995;29;;;;;10005;29;;;;;10000.0;90.0
3;6100;BANANAS;4790;29;;;;;4797;29;;;;;4793.5;92.63232421875
3;6100;DIVING_GEAR;100290;19;;;;;100293;19;;;;;100291.5;0.0
3;6100;BERRIES;3896;13;3895;49;;;3903;13;3904;49;;;3899.5;0.0
3;6100;BAGUETTE;12411;97;;;;;12413;35;12414;62;;;12412.0;138.65625
3;6100;DOLPHIN_SIGHTINGS;;;;;;;;;;;;;3094.0;0.0
3;6100;PICNIC_BASKET;74008;13;74006;20;;;74021;13;74022;20;;;74014.5;-50.5
3;6100;DIP;7014;62;7013;164;;;7015;62;7016;164;;;7014.5;-11.59375
3;6100;UKULELE;20673;20;20672;39;;;20674;59;;;;;20673.5;-118.25
3;6100;PINA_COLADAS;14880;74;;;;;14883;74;;;;;14881.5;0.0
3;6100;COCONUTS;7920;194;;;;;7923;194;;;;;7921.5;0.0
3;6200;UKULELE;20674;69;;;;;20676;69;;;;;20675.0;-84.40625
3;6200;BAGUETTE;12412;95;;;;;12414;95;;;;;12413.0;160.9375
3;6200;COCONUTS;7921;182;;;;;7923;61;7924;121;;;7922.0;0.0
3;6200;PEARLS;9995;26;;;;;10005;26;;;;;10000.0;90.0
3;6200;DIVING_GEAR;100280;20;;;;;100283;20;;;;;100281.5;0.0
3;6200;PICNIC_BASKET;74016;10;74015;22;;;74030;10;74031;22;;;74023.0;-343.25
3;6200;BERRIES;3899;5;3896;10;3895;49;3903;10;3904;49;;;3901.0;0.0
3;6200;DIP;7016;58;7015;197;;;7017;58;7018;197;;;7016.5;159.375
3;6200;PINA_COLADAS;14881;79;;;;;14884;79;;;;;14882.5;0.0
3;6200;DOLPHIN_SIGHTINGS;;;;;;;;;;;;;3094.0;0.0
3;6200;BANANAS;4790;26;;;;;4797;26;;;;;4793.5;92.76171875
3;6300;DOLPHIN_SIGHTINGS;;;;;;;;;;;;;3094.0;0.0
3;6300;PICNIC_BASKET;73994;14;73993;27;;;73995;3;74008;14;74009;27;73994.5;183.0
3;6300;DIP;7015;248;;;;;7017;248;;;;;7016.0;124.3125
3;6300;UKULELE;20678;62;;;;;20680;62;;;;;20679.0;13.65625
3;6300;PINA_COLADAS;14883;94;;;;;14886;94;;;;;14884.5;0.0
3;6300;COCONUTS;7922;73;7921;101;;;7924;174;;;;;7923.0;0.0
3;6300;PEARLS;9995;21;;;;;10005;21;;;;;10000.0;90.0
3;6300;DIVING_GEAR;100279;22;;;;;100282;22;;;;;100280.5;0.0
3;6300;BANANAS;4790;21;;;;;4796;21;;;;;4793.0;92.02490234375
3;6300;BERRIES;3896;14;3895;48;;;3903;14;3904;48;;;3899.5;0.0
3;6300;BAGUETTE;12409;34;12408;62;;;12410;34;12411;62;;;12409.5;-16.75
3;6400;PINA_COLADAS;14887;84;;;;;14890;84;;;;;14888.5;0.0
3;6400;DIP;7014;255;;;;;7016;68;7017;187;;;7015.0;36.5
3;6400;DOLPHIN_SIGHTINGS;;;;;;;;;;;;;3094.0;0.0
3;6400;BANANAS;4790;23;;;;;4796;23;;;;;4793.0;91.91943359375
3;6400;UKULELE;20675;55;;;;;20676;23;20677;32;;;20675.5;-69.75
3;6400;BAGUETTE;12412;53;12411;68;;;12413;53;12414;68;;;12412.5;125.625
3;6400;COCONUTS;7923;185;;;;;7926;185;;;;;7924.5;0.0
3;6400;DIVING_GEAR;100293;24;;;;;100296;24;;;;;100294.5;0.0
3;6400;PEARLS;9996;1;9995;22;;;10004;1;10005;22;;;10000.0;90.0
3;6400;PICNIC_BASKET;73999;1;73998;15;73997;23;74010;1;74011;15;74012;23;74004.5;75.75
3;6400;BERRIES;3897;15;3896;48;;;3900;14;3904;15;3905;48;3898.5;0.0
3;6500;DIVING_GEAR;100302;6;100301;12;;;100304;6;100305;12;;;100303.0;0.0
3;6500;PEARLS;9995;21;;;;;10005;21;;;;;10000.0;90.0
3;6500;BANANAS;4793;5;4790;21;;;4797;21;;;;;4795.0;92.25
3;6500;BERRIES;3897;12;3896;48;;;3903;12;3904;48;;;3900.0;0.0
3;6500;BAGUETTE;12411;137;;;;;12413;56;12414;81;;;12412.0;113.75
3;6500;DOLPHIN_SIGHTINGS;;;;;;;;;;;;;3094.0;0.0
3;6500;PICNIC_BASKET;73981;12;73980;22;;;73994;12;73995;22;;;73987.5;532.25
3;6500;UKULELE;20676;64;;;;;20677;22;20678;42;;;20676.5;-45.03125
3;6500;COCONUTS;7924;165;;;;;7926;50;7927;115;;;7925.0;0.0
3;6500;PINA_COLADAS;14885;96;;;;;14888;96;;;;;14886.5;0.0
3;6500;DIP;7015;209;;;;;7017;209;;;;;7016.0;87.9375
3;6600;UKULELE;20669;76;;;;;20671;76;;;;;20670.0;-207.1875
3;6600;BAGUETTE;12409;96;;;;;12411;35;12412;61;;;12410.0;21.75
3;6600;COCONUTS;7923;169;;;;;7926;169;;;;;7924.5;0.0
3;6600;DIVING_GEAR;100301;25;;;;;100304;25;;;;;100302.5;0.0
3;6600;PICNIC_BASKET;73969;1;73963;16;73962;26;73977;16;73978;26;;;73973.0;1006.875
3;6600;BERRIES;3897;16;3896;49;;;3904;16;3905;49;;;3900.5;0.0
3;6600;PINA_COLADAS;14884;36;14883;58;;;14886;36;14887;58;;;14885.0;0.0
3;6600;PEARLS;9995;28;;;;;10005;28;;;;;10000.0;90.0
3;6600;DIP;7016;176;;;;;7018;176;;;;;7017.0;190.3125
3;6600;DOLPHIN_SIGHTINGS;;;;;;;;;;;;;3094.0;0.0
3;6600;BANANAS;4789;28;;;;;4796;28;;;;;4792.5;91.8193359375
3;6700;DOLPHIN_SIGHTINGS;;;;;;;;;;;;;3094.0;0.0
3;6700;PICNIC_BASKET;73956;12;73955;24;;;73969;12;73971;24;;;73962.5;1203.5
3;6700;UKULELE;20671;57;;;;;20673;57;;;;;20672.0;-154.875
3;6700;PINA_COLADAS;14886;35;14885;71;;;14888;35;14889;71;;;14887.0;0.0
3;6700;PEARLS;9995;28;;;;;10005;28;;;;;10000.0;90.0
3;6700;COCONUTS;7925;213;;;;;7928;213;;;;;7926.5;0.0
3;6700;DIP;7015;90;7014;137;;;7016;90;7017;137;;;7015.5;65.625
3;6700;DIVING_GEAR;100282;18;;;;;100285;18;;;;;100283.5;0.0
3;6700;BANANAS;4789;28;;;;;4796;28;;;;;4792.5;91.8115234375
3;6700;BERRIES;3897;12;3896;56;;;3904;12;3905;56;;;3900.5;0.0
3;6700;BAGUETTE;12409;133;;;;;12411;133;;;;;12410.0;17.3125
3;6800;PINA_COLADAS;14887;89;;;;;14890;89;;;;;14888.5;0.0
3;6800;PEARLS;9995;29;;;;;10002;3;10005;29;;;9998.5;90.0
3;6800;DIP;7015;85;7014;132;;;7016;85;7017;132;;;7015.5;66.0625
3;6800;DOLPHIN_SIGHTINGS;;;;;;;;;;;;;3094.0;0.0
3;6800;BANANAS;4789;29;;;;;4794;4;4796;29;;;4791.5;91.7255859375
3;6800;UKULELE;20674;53;;;;;20675;16;20676;37;;;20674.5;-93.875
3;6800;BAGUETTE;12407;54;12406;85;;;12408;54;12409;85;;;12407.5;-109.125
3;6800;COCONUTS;7926;65;7925;140;;;7928;205;;;;;7927.0;0.0
3;6800;DIVING_GEAR;100287;19;;;;;100290;19;;;;;100288.5;0.0
3;6800;PICNIC_BASKET;73963;13;73961;16;;;73976;13;73977;16;;;73969.5;1025.0
3;6800;BERRIES;3897;13;3896;50;;;3904;13;3905;50;;;3900.5;0.0
3;6900;DIVING_GEAR;100291;8;100290;13;;;100293;8;100294;13;;;100292.0;0.0
3;6900;BANANAS;4790;1;4789;21;;;4796;23;;;;;4793.0;91.71484375
3;6900;BERRIES;3898;13;3897;53;;;3904;13;3905;53;;;3901.0;0.0
3;6900;UKULELE;20677;79;;;;;20679;79;;;;;20678.0;-18.59375
3;6900;BAGUETTE;12407;84;;;;;12409;84;;;;;12408.0;-79.4375
3;6900;DOLPHIN_SIGHTINGS;;;;;;;;;;;;;3093.0;0.0
3;6900;PICNIC_BASKET;73966;2;73965;13;73963;29;73971;3;73977;2;73978;13;73968.5;969.875
3;6900;PINA_COLADAS;14889;96;;;;;14890;33;14892;96;;;14889.5;0.0
3;6900;PEARLS;9996;2;9995;21;;;10004;2;10005;21;;;10000.0;90.0
3;6900;COCONUTS;7927;168;;;;;7929;63;7930;105;;;7928.0;0.0
3;6900;DIP;7015;50;7014;181;;;7017;231;;;;;7016.0;69.75
3;7000;BAGUETTE;12402;157;;;;;12404;58;12405;99;;;12403.0;-313.125
3;7000;PICNIC_BASKET;73962;1;73961;17;73960;19;73973;1;73975;17;73976;19;73967.5;1065.75
3;7000;COCONUTS;7927;189;;;;;7930;189;;;;;7928.5;0.0
3;7000;DIVING_GEAR;100290;24;;;;;100293;24;;;;;100291.5;0.0
3;7000;BERRIES;3898;17;3897;44;;;3905;17;3906;44;;;3901.5;0.0
3;7000;PINA_COLADAS;14889;107;;;;;14892;39;14893;68;;;14890.5;0.0
3;7000;PEARLS;9998;4;9996;1;9995;25;10004;1;10005;25;;;10001.0;90.0
3;7000;DIP;7014;96;7013;122;;;7016;221;;;;;7015.0;-29.0625
3;7000;DOLPHIN_SIGHTINGS;;;;;;;;;;;;;3094.0;0.0
3;7000;BANANAS;4794;1;4791;4;4790;26;4796;26;;;;;4795.0;92.04150390625
3;7000;UKULELE;20685;57;;;;;20686;19;20687;38;;;20685.5;167.875
3;7100;DOLPHIN_SIGHTINGS;;;;;;;;;;;;;3094.0;0.0
3;7100;PICNIC_BASKET;73958;2;73957;20;73956;18;73969;2;73970;20;73971;18;73963.5;1183.375
3;7100;PINA_COLADAS;14888;96;;;;;14891;96;;;;;14889.5;0.0
3;7100;PEARLS;9998;4;9996;2;9995;25;10004;2;10005;25;;;10001.0;90.0
3;7100;COCONUTS;7928;75;7927;177;;;7930;177;;;;;7929.0;0.0
3;7100;DIP;7014;74;7013;117;;;7015;74;7016;117;;;7014.5;-34.375
3;7100;DIVING_GEAR;100296;30;;;;;100299;30;;;;;100297.5;0.0
3;7100;BANANAS;4790;6;4789;25;;;4796;27;;;;;4793.0;93.0
3;7100;BERRIES;3898;20;3897;52;;;3905;72;;;;;3901.5;0.0
3;7100;UKULELE;20683;18;20682;48;;;20684;66;;;;;20683.5;114.53125
3;7100;BAGUETTE;12403;124;;;;;12404;10;12405;50;12406;74;12403.5;-261.0625
3;7200;PINA_COLADAS;14890;27;14889;60;;;14892;27;14893;60;;;14891.0;0.0
3;7200;PEARLS;9995;24;;;;;10005;24;;;;;10000.0;90.0
3;7200;DIP;7015;59;7014;158;;;7016;56;7017;158;;;7015.5;60.875
3;7200;DOLPHIN_SIGHTINGS;;;;;;;;;;;;;3094.0;0.0
3;7200;BANANAS;4795;1;4790;24;;;4797;24;;;;;4796.0;93.0
3;7200;UKULELE;20684;22;20683;41;;;20685;63;;;;;20684.5;141.53125
3;7200;BAGUETTE;12401;108;;;;;12403;108;;;;;12402.0;-368.4375
3;7200;PICNIC_BASKET;73962;14;73961;22;;;73976;14;73977;22;;;73969.0;1037.375
3;7200;COCONUTS;7927;181;;;;;7930;181;;;;;7928.5;0.0
3;7200;DIVING_GEAR;100299;7;100298;14;;;100301;7;100302;14;;;100300.0;0.0
3;7200;BERRIES;3897;14;3896;53;;;3904;14;3905;53;;;3900.5;0.0
3;7300;DIVING_GEAR;100303;8;100302;13;;;100305;8;100306;13;;;100304.0;0.0
3;7300;BANANAS;4790;2;4789;30;;;4796;32;;;;;4793.0;95.15966796875
3;7300;BERRIES;3899;13;3898;57;;;3905;13;3906;57;;;3902.0;0.0
3;7300;UKULELE;20677;55;;;;;20679;55;;;;;20678.0;-17.4375
3;7300;BAGUETTE;12399;54;12398;61;;;12400;54;12401;61;;;12399.5;-486.5
3;7300;DOLPHIN_SIGHTINGS;;;;;;;;;;;;;3094.0;0.0
3;7300;PICNIC_BASKET;73935;2;73934;13;73932;25;73946;2;73947;13;73948;25;73940.5;1807.5
3;7300;PINA_COLADAS;14893;86;;;;;14896;86;;;;;14894.5;0.0
3;7300;PEARLS;9996;2;9995;30;;;10004;2;10005;30;;;10000.0;90.0
3;7300;COCONUTS;7928;204;;;;;7931;204;;;;;7929.5;0.0
3;7300;DIP;7014;249;;;;;7016;249;;;;;7015.0;20.6875
3;7400;BAGUETTE;12396;39;12395;74;;;12397;39;12398;74;;;12396.5;-631.125
3;7400;PICNIC_BASKET;73927;10;73926;24;;;73940;10;73941;24;;;73933.5;1992.375
3;7400;COCONUTS;7929;180;;;;;7932;180;;;;;7930.5;0.0
3;7400;DIVING_GEAR;100302;6;100301;10;;;100304;8;100305;10;;;100303.0;0.0
3;7400;BERRIES;3899;10;3898;54;;;3906;10;3907;54;;;3902.5;0.0
3;7400;PINA_COLADAS;14894;91;;;;;14897;91;;;;;14895.5;0.0
3;7400;PEARLS;9998;3;9995;26;;;10005;26;;;;;10001.5;90.0
3;7400;DIP;7014;174;;;;;7016;74;7017;100;;;7015.0;36.9375
3;7400;DOLPHIN_SIGHTINGS;;;;;;;;;;;;;3093.0;0.0
3;7400;BANANAS;4791;3;4790;26;;;4797;26;;;;;4794.0;94.6376953125
3;7400;UKULELE;20677;72;;;;;20679;72;;;;;20678.0;-9.25
3;7500;DOLPHIN_SIGHTINGS;;;;;;;;;;;;;3093.0;0.0
3;7500;PICNIC_BASKET;73921;2;73920;16;73919;21;73933;2;73934;16;73935;21;73927.0;2166.75
3;7500;PINA_COLADAS;14893;98;;;;;14896;98;;;;;14894.5;0.0
3;7500;DIP;7013;55;7012;117;;;7014;55;7015;117;;;7013.5;-147.875
3;7500;DIVING_GEAR;100302;7;100301;16;;;100304;7;100305;16;;;100303.0;0.0
3;7500;PEARLS;10002;1;9996;2;9995;24;10004;2;10005;24;;;10003.0;90.0
3;7500;COCONUTS;7928;156;;;;;7931;156;;;;;7929.5;0.0
3;7500;BANANAS;4791;26;;;;;4797;26;;;;;4794.0;93.89404296875
3;7500;BERRIES;3899;16;3898;60;;;3906;16;3907;60;;;3902.5;0.0
3;7500;UKULELE;20684;69;;;;;20685;21;20686;48;;;20684.5;148.8125
3;7500;BAGUETTE;12395;30;12394;55;;;12397;85;;;;;12396.0;-668.625
3;7600;PINA_COLADAS;14891;104;;;;;14894;40;14895;64;;;14892.5;0.0
3;7600;DIP;7012;194;;;;;7014;194;;;;;7013.0;-189.375
3;7600;DIVING_GEAR;100305;8;100304;12;;;100307;8;100308;12;;;100306.0;0.0
3;7600;PEARLS;9996;1;9995;26;;;10004;1;10005;26;;;10000.0;92.0
3;7600;DOLPHIN_SIGHTINGS;;;;;;;;;;;;;3093.0;0.0
3;7600;BANANAS;4796;1;4791;27;;;4797;1;4798;26;;;4796.5;93.646484375
3;7600;UKULELE;20682;47;;;;;20684;47;;;;;20683.0;105.125
3;7600;BAGUETTE;12397;117;;;;;12399;36;12400;81;;;12398.0;-556.875
3;7600;PICNIC_BASKET;73926;1;73925;12;73924;15;73937;1;73938;12;73940;15;73931.5;2040.25
3;7600;COCONUTS;7927;69;7926;133;;;7929;202;;;;;7928.0;0.0
3;7600;BERRIES;3899;12;3898;52;;;3906;12;3907;52;;;3902.5;0.0
3;7700;BANANAS;4791;26;;;;;4798;26;;;;;4794.5;94.2802734375
3;7700;BERRIES;3899;13;3898;51;;;3906;13;3907;51;;;3902.5;0.0
3;7700;UKULELE;20678;58;;;;;20680;58;;;;;20679.0;10.125
3;7700;BAGUETTE;12396;30;12395;83;;;12398;113;;;;;12397.0;-621.125
3;7700;DOLPHIN_SIGHTINGS;;;;;;;;;;;;;3093.0;0.0
3;7700;PICNIC_BASKET;73931;13;73930;19;;;73945;13;73946;19;;;73938.0;1865.75
3;7700;PEARLS;10002;2;9995;26;;;10005;26;;;;;10003.5;92.0
3;7700;DIP;7013;238;;;;;7015;238;;;;;7014.0;-108.75
3;7700;DIVING_GEAR;100303;20;;;;;100306;20;;;;;100304.5;0.0
3;7700;COCONUTS;7926;198;;;;;7929;198;;;;;7927.5;0.0
3;7700;PINA_COLADAS;14893;103;;;;;14896;103;;;;;14894.5;0.0
3;7800;BAGUETTE;12398;30;12397;74;;;12399;30;12400;74;;;12398.5;-542.0
3;7800;PICNIC_BASKET;73944;1;73943;12;73942;20;73955;1;73956;12;73957;20;73949.5;1558.625
3;7800;BERRIES;3900;12;3899;57;;;3907;12;3908;57;;;3903.5;0.0
3;7800;PEARLS;9996;1;9995;23;;;10004;1;10005;23;;;10000.0;92.0
3;7800;DIP;7013;234;;;;;7015;234;;;;;7014.0;-64.1875
3;7800;DIVING_GEAR;100296;18;;;;;100299;18;;;;;100297.5;0.0
3;7800;PINA_COLADAS;14894;35;14893;70;;;14897;105;;;;;14895.5;0.0
3;7800;COCONUTS;7927;49;7926;218;;;7929;218;;;;;7928.0;0.0
3;7800;DOLPHIN_SIGHTINGS;;;;;;;;;;;;;3093.0;0.0
3;7800;BANANAS;4792;24;;;;;4798;24;;;;;4795.0;94.1396484375
3;7800;UKULELE;20678;56;;;;;20679;20;20680;36;;;20678.5;1.3125
3;7900;PICNIC_BASKET;73924;2;73922;19;73921;16;73935;2;73936;19;73937;16;73929.5;2106.625
3;7900;PEARLS;9996;2;9995;30;;;10004;2;10005;30;;;10000.0;92.0
3;7900;DIP;7013;245;;;;;7015;245;;;;;7014.0;-82.0
3;7900;DIVING_GEAR;100289;9;100288;19;;;100291;9;100292;19;;;100290.0;0.0
3;7900;PINA_COLADAS;14891;93;;;;;14894;93;;;;;14892.5;0.0
3;7900;COCONUTS;7926;44;7925;144;;;7928;188;;;;;7927.0;0.0
3;7900;BANANAS;4796;1;4791;32;;;4797;2;4798;30;;;4796.5;95.2744140625
3;7900;BERRIES;3900;19;3899;48;;;3907;19;3908;48;;;3903.5;0.0
3;7900;UKULELE;20677;16;20676;47;;;20678;63;;;;;20677.5;-31.5
3;7900;BAGUETTE;12395;37;12394;78;;;12396;37;12397;78;;;12395.5;-673.0
3;7900;DOLPHIN_SIGHTINGS;;;;;;;;;;;;;3093.0;0.0
3;8000;PEARLS;9996;1;9995;21;;;10004;1;10005;21;;;10000.0;92.0
3;8000;DIP;7014;70;7013;173;;;7015;70;7016;173;;;7014.5;-53.875
3;8000;DIVING_GEAR;100291;23;;;;;100294;23;;;;;100292.5;0.0
3;8000;PINA_COLADAS;14890;92;;;;;14893;92;;;;;14891.5;0.0
3;8000;COCONUTS;7925;202;;;;;7928;202;;;;;7926.5;0.0
3;8000;BANANAS;4791;22;;;;;4798;22;;;;;4794.5;96.8837890625
3;8000;UKULELE;20671;74;;;;;20673;74;;;;;20672.0;-157.0625
3;8000;BAGUETTE;12401;34;12400;70;;;12403;104;;;;;12402.0;-375.1875
3;8000;PICNIC_BASKET;73928;1;73927;16;73926;29;73939;1;73940;16;73942;29;73933.5;1986.0
3;8000;DOLPHIN_SIGHTINGS;;;;;;;;;;;;;3093.0;0.0
3;8000;BERRIES;3900;16;3899;54;;;3907;16;3908;54;;;3903.5;0.0
3;8100;COCONUTS;7926;183;;;;;7927;43;7929;183;;;7926.5;0.0
3;8100;BERRIES;3900;12;3899;49;;;3906;12;3907;49;;;3903.0;0.0
3;8100;BANANAS;4791;20;;;;;4797;20;;;;;4794.0;97.7041015625
3;8100;UKULELE;20671;25;20670;39;;;20672;64;;;;;20671.5;-171.0625
3;8100;BAGUETTE;12407;50;12406;100;;;12408;50;12409;100;;;12407.5;-102.375
3;8100;DOLPHIN_SIGHTINGS;;;;;;;;;;;;;3093.0;0.0
3;8100;PICNIC_BASKET;73939;12;73938;25;;;73953;12;73954;25;;;73946.0;1659.5
3;8100;PEARLS;9995;20;;;;;10005;20;;;;;10000.0;92.0
3;8100;DIP;7014;274;;;;;7016;274;;;;;7015.0;7.5
3;8100;DIVING_GEAR;100286;17;;;;;100289;17;;;;;100287.5;0.0
3;8100;PINA_COLADAS;14889;93;;;;;14892;93;;;;;14890.5;0.0
3;8200;BAGUETTE;12405;128;;;;;12407;51;12408;77;;;12406.0;-172.6875
3;8200;PICNIC_BASKET;73941;2;73940;16;73939;27;73953;2;73954;16;73955;27;73947.0;1626.0
3;8200;DOLPHIN_SIGHTINGS;;;;;;;;;;;;;3093.0;0.0
3;8200;BERRIES;3900;16;3899;41;;;3907;16;3908;41;;;3903.5;0.0
3;8200;PEARLS;9998;3;9996;2;9995;23;10004;2;10005;23;;;10001.0;92.0
3;8200;DIP;7014;77;7013;169;;;7015;77;7016;169;;;7014.5;-48.25
3;8200;DIVING_GEAR;100281;26;;;;;100284;26;;;;;100282.5;0.0
3;8200;PINA_COLADAS;14888;89;;;;;14891;89;;;;;14889.5;0.0
3;8200;COCONUTS;7926;194;;;;;7929;194;;;;;7927.5;0.0
3;8200;BANANAS;4792;3;4791;25;;;4797;25;;;;;4794.5;97.72265625
3;8200;UKULELE;20675;75;;;;;20677;75;;;;;20676.0;-62.4375
3;8300;PICNIC_BASKET;73944;2;73943;13;73942;19;73955;2;73956;13;73957;19;73949.5;1557.75
3;8300;PEARLS;10002;1;9996;2;9995;22;10004;2;10005;22;;;10003.0;92.0
3;8300;DIP;7012;197;;;;;7014;197;;;;;7013.0;-162.25
3;8300;DIVING_GEAR;100278;8;100277;13;;;100280;8;100281;13;;;100279.0;0.0
3;8300;PINA_COLADAS;14884;81;;;;;14887;81;;;;;14885.5;0.0
3;8300;COCONUTS;7925;204;;;;;7928;204;;;;;7926.5;0.0
3;8300;BERRIES;3900;13;3899;49;;;3907;13;3908;49;;;3903.5;0.0
3;8300;BANANAS;4791;24;;;;;4797;2;4798;22;;;4794.0;96.98828125
3;8300;UKULELE;20673;62;;;;;20674;19;20675;43;;;20673.5;-118.0
3;8300;BAGUETTE;12406;103;;;;;12408;103;;;;;12407.0;-128.1875
3;8300;DOLPHIN_SIGHTINGS;;;;;;;;;;;;;3093.0;0.0
3;8400;PEARLS;9995;24;;;;;9998;1;10002;5;10005;24;9996.5;92.0
3;8400;DIP;7013;234;;;;;7015;75;7016;159;;;7014.0;-63.25
3;8400;DIVING_GEAR;100282;20;;;;;100285;20;;;;;100283.5;0.0
3;8400;PINA_COLADAS;14884;92;;;;;14887;92;;;;;14885.5;0.0
3;8400;COCONUTS;7926;79;7925;116;;;7928;195;;;;;7927.0;0.0
3;8400;UKULELE;20672;19;20671;42;;;20673;61;;;;;20672.5;-146.875
3;8400;BANANAS;4791;24;;;;;4796;5;4798;24;;;4793.5;97.17578125
3;8400;BAGUETTE;12404;117;;;;;12406;117;;;;;12405.0;-227.0
3;8400;PICNIC_BASKET;73952;15;73951;19;;;73966;15;73967;19;;;73959.0;1309.5
3;8400;DOLPHIN_SIGHTINGS;;;;;;;;;;;;;3093.0;0.0
3;8400;BERRIES;3900;15;3899;43;;;3907;15;3908;43;;;3903.5;0.0
3;8500;COCONUTS;7927;162;;;;;7929;53;7930;109;;;7928.0;0.0
3;8500;BERRIES;3900;18;3899;60;;;3902;18;3906;18;3907;60;3901.0;0.0
3;8500;UKULELE;20674;58;;;;;20675;28;20676;30;;;20674.5;-95.625
3;8500;BAGUETTE;12401;50;12400;50;;;12402;50;12403;50;;;12401.5;-402.375
3;8500;BANANAS;4791;30;;;;;4798;30;;;;;4794.5;96.875
3;8500;DOLPHIN_SIGHTINGS;;;;;;;;;;;;;3093.0;0.0
3;8500;PICNIC_BASKET;73951;7;73946;2;73945;18;73957;2;73958;18;73959;28;73954.0;1503.75
3;8500;PEARLS;9996;2;9995;28;;;10004;2;10005;28;;;10000.0;94.0
3;8500;DIP;7012;188;;;;;7014;188;;;;;7013.0;-176.3125
3;8500;DIVING_GEAR;100269;26;;;;;100272;26;;;;;100270.5;0.0
3;8500;PINA_COLADAS;14887;103;;;;;14890;103;;;;;14888.5;0.0
3;8600;PICNIC_BASKET;73950;2;73949;20;73948;26;73961;2;73963;20;73964;26;73955.5;1389.25
3;8600;DOLPHIN_SIGHTINGS;;;;;;;;;;;;;3093.0;0.0
3;8600;BERRIES;3900;20;3899;49;;;3907;20;3908;49;;;3903.5;0.0
3;8600;BAGUETTE;12403;38;12402;86;;;12405;124;;;;;12404.0;-287.0
3;8600;DIVING_GEAR;100254;26;;;;;100257;26;;;;;100255.5;0.0
3;8600;PEARLS;9996;2;9995;20;;;10004;2;10005;20;;;10000.0;94.0
3;8600;PINA_COLADAS;14890;75;;;;;14893;22;14894;53;;;14891.5;0.0
3;8600;COCONUTS;7928;186;;;;;7931;186;;;;;7929.5;0.0
3;8600;DIP;7014;224;;;;;7016;224;;;;;7015.0;-3.75
3;8600;UKULELE;20674;58;;;;;20676;58;;;;;20675.0;-81.8125
3;8600;BANANAS;4791;2;4790;20;;;4797;22;;;;;4794.0;98.517578125
3;8700;DIP;7014;271;;;;;7016;271;;;;;7015.0;0.375
3;8700;PICNIC_BASKET;73938;2;73937;10;73936;23;73950;2;73951;10;73952;23;73944.0;1711.625
3;8700;DIVING_GEAR;100256;10;100255;10;;;100258;10;100259;10;;;100257.0;0.0
3;8700;PEARLS;9996;2;9995;26;;;10002;7;10004;2;10005;26;9999.0;94.0
3;8700;PINA_COLADAS;14895;106;;;;;14898;106;;;;;14896.5;0.0
3;8700;COCONUTS;7931;192;;;;;7933;69;7934;123;;;7932.0;0.0
3;8700;BERRIES;3899;10;3898;44;;;3906;10;3907;44;;;3902.5;0.0
3;8700;UKULELE;20675;56;;;;;20677;56;;;;;20676.0;-58.90625
3;8700;BAGUETTE;12401;40;12400;71;;;12402;40;12403;71;;;12401.5;-387.1875
3;8700;BANANAS;4791;2;4790;26;;;4795;7;4797;28;;;4793.0;98.603515625
3;8700;DOLPHIN_SIGHTINGS;;;;;;;;;;;;;3093.0;0.0
3;8800;PEARLS;9998;9;9996;2;9995;28;10004;2;10005;28;;;10001.0;94.0
3;8800;DIVING_GEAR;100255;10;100254;19;;;100257;10;100258;19;;;100256.0;0.0
3;8800;COCONUTS;7929;70;7928;129;;;7931;199;;;;;7930.0;0.0
3;8800;PINA_COLADAS;14887;94;;;;;14890;94;;;;;14888.5;0.0
3;8800;DIP;7014;194;;;;;7016;194;;;;;7015.0;-16.3125
3;8800;UKULELE;20676;77;;;;;20678;77;;;;;20677.0;-37.75
3;8800;BANANAS;4791;9;4790;30;;;4796;2;4797;28;;;4793.5;108.779296875
3;8800;PICNIC_BASKET;73932;2;73931;19;73930;30;73944;2;73945;19;73946;30;73938.0;1867.5
3;8800;DOLPHIN_SIGHTINGS;;;;;;;;;;;;;3093.0;0.0
3;8800;BERRIES;3899;19;3898;44;;;3906;19;3907;44;;;3902.5;0.0
3;8800;BAGUETTE;12399;120;;;;;12401;34;12402;86;;;12400.0;-459.375
3;8900;BERRIES;3899;12;3898;48;;;3906;12;3907;48;;;3902.5;0.0
3;8900;COCONUTS;7931;69;7930;169;;;7932;67;7933;102;;;7931.5;0.0
3;8900;UKULELE;20678;65;;;;;20679;24;20680;41;;;20678.5;-0.125
3;8900;BAGUETTE;12399;46;12398;70;;;12400;46;12401;70;;;12399.5;-491.75
3;8900;BANANAS;4790;26;;;;;4796;1;4797;25;;;4793.0;108.92578125
3;8900;DOLPHIN_SIGHTINGS;;;;;;;;;;;;;3093.0;0.0
3;8900;PINA_COLADAS;14891;5;14889;90;;;14892;90;;;;;14891.5;0.0
3;8900;DIP;7014;258;;;;;7016;258;;;;;7015.0;18.0
3;8900;PICNIC_BASKET;73937;1;73936;12;73935;24;73948;1;73949;12;73950;24;73942.5;1748.125
3;8900;PEARLS;9996;1;9995;25;;;10004;1;10005;25;;;10000.0;94.0
3;8900;DIVING_GEAR;100265;9;100264;12;;;100267;9;100268;12;;;100266.0;0.0
3;9000;PICNIC_BASKET;73926;2;73925;13;73924;18;73938;2;73939;13;73940;18;73932.0;2032.25
3;9000;DOLPHIN_SIGHTINGS;;;;;;;;;;;;;3093.0;0.0
3;9000;BERRIES;3899;13;3898;40;;;3906;13;3907;40;;;3902.5;0.0
3;9000;BAGUETTE;12399;122;;;;;12401;55;12402;67;;;12400.0;-460.875
3;9000;PEARLS;9996;2;9995;26;;;9998;7;10002;8;10004;2;9997.0;94.0
3;9000;DIVING_GEAR;100263;10;100262;13;;;100265;10;100266;13;;;100264.0;0.0
3;9000;PINA_COLADAS;14889;28;14888;55;;;14891;28;14892;55;;;14890.0;0.0
3;9000;COCONUTS;7930;196;;;;;7933;196;;;;;7931.5;0.0
3;9000;DIP;7013;246;;;;;7015;246;;;;;7014.0;-81.75
3;9000;UKULELE;20676;55;;;;;20678;55;;;;;20677.0;-33.5
3;9000;BANANAS;4790;28;;;;;4795;8;4797;28;;;4792.5;109.775390625
3;9100;PINA_COLADAS;14891;111;;;;;14894;111;;;;;14892.5;0.0
3;9100;DIP;7014;252;;;;;7016;252;;;;;7015.0;-11.875
3;9100;PICNIC_BASKET;73942;1;73941;19;73940;29;73954;1;73955;19;73956;29;73948.0;1602.125
3;9100;PEARLS;9996;1;9995;21;;;10004;1;10005;21;;;10000.0;108.0
3;9100;DIVING_GEAR;100254;28;;;;;100257;28;;;;;100255.5;0.0
3;9100;COCONUTS;7931;68;7930;110;;;7933;178;;;;;7932.0;0.0
3;9100;BERRIES;3899;19;3898;42;;;3906;19;3907;42;;;3902.5;0.0
3;9100;UKULELE;20674;76;;;;;20676;76;;;;;20675.0;-83.625
3;9100;BAGUETTE;12401;113;;;;;12403;113;;;;;12402.0;-366.75
3;9100;BANANAS;4791;22;;;;;4798;22;;;;;4794.5;113.517578125
3;9100;DOLPHIN_SIGHTINGS;;;;;;;;;;;;;3093.0;0.0
3;9200;PEARLS;9996;1;9995;28;;;10004;1;10005;28;;;10000.0;108.0
3;9200;DIVING_GEAR;100258;1;100256;19;;;100259;19;;;;;100258.5;0.0
3;9200;PINA_COLADAS;14892;101;;;;;14895;101;;;;;14893.5;0.0
3;9200;COCONUTS;7931;182;;;;;7934;182;;;;;7932.5;0.0
3;9200;DIP;7015;219;;;;;7017;219;;;;;7016.0;114.875
3;9200;UKULELE;20678;19;20677;44;;;20679;63;;;;;20678.5;-8.375
3;9200;BANANAS;4792;1;4791;28;;;4798;29;;;;;4795.0;114.619140625
3;9200;DOLPHIN_SIGHTINGS;;;;;;;;;;;;;3093.0;0.0
3;9200;PICNIC_BASKET;73953;1;73952;13;73951;19;73964;1;73965;13;73966;19;73958.5;1317.375
3;9200;BERRIES;3900;13;3899;58;;;3907;71;;;;;3903.5;0.0
3;9200;BAGUETTE;12401;39;12400;97;;;12403;136;;;;;12402.0;-383.1875
3;9300;COCONUTS;7931;179;;;;;7934;179;;;;;7932.5;0.0
3;9300;BERRIES;3899;20;3898;47;;;3906;20;3907;47;;;3902.5;0.0
3;9300;UKULELE;20674;65;;;;;20676;65;;;;;20675.0;-83.4375
3;9300;BAGUETTE;12400;56;12399;67;;;12402;123;;;;;12401.0;-426.5
3;9300;BANANAS;4794;2;4791;23;;;4798;23;;;;;4796.0;114.46875
3;9300;DOLPHIN_SIGHTINGS;;;;;;;;;;;;;3093.0;0.0
3;9300;PINA_COLADAS;14890;108;;;;;14893;108;;;;;14891.5;0.0
3;9300;DIP;7015;256;;;;;7017;256;;;;;7016.0;119.625
3;9300;PEARLS;9996;1;9995;22;;;10004;1;10005;22;;;10000.0;108.0
3;9300;DIVING_GEAR;100258;27;;;;;100261;27;;;;;100259.5;0.0
3;9300;PICNIC_BASKET;73945;1;73944;20;73943;21;73956;1;73957;20;73959;21;73950.5;1527.0
3;9400;DOLPHIN_SIGHTINGS;;;;;;;;;;;;;3093.0;0.0
3;9400;PICNIC_BASKET;73954;1;73953;19;73952;23;73965;1;73966;19;73968;23;73959.5;1286.5
3;9400;BERRIES;3900;19;3899;42;;;3907;19;3908;42;;;3903.5;0.0
3;9400;BAGUETTE;12400;48;12399;53;;;12401;48;12402;53;;;12400.5;-436.6875
3;9400;PEARLS;10002;1;9996;1;9995;28;10004;1;10005;28;;;10003.0;108.0
3;9400;DIVING_GEAR;100261;10;100260;19;;;100263;10;100264;19;;;100262.0;0.0
3;9400;PINA_COLADAS;14886;100;;;;;14889;39;14890;61;;;14887.5;0.0
3;9400;COCONUTS;7930;164;;;;;7933;164;;;;;7931.5;0.0
3;9400;DIP;7016;164;;;;;7017;9;7018;164;;;7016.5;201.5625
3;9400;UKULELE;20673;73;;;;;20675;73;;;;;20674.0;-105.3125
3;9400;BANANAS;4792;29;;;;;4798;29;;;;;4795.0;116.103515625
3;9500;PINA_COLADAS;14885;52;;;;;14886;3;14888;27;14889;52;14885.5;0.0
3;9500;DIP;7016;207;;;;;7018;207;;;;;7017.0;223.25
3;9500;PEARLS;9995;21;;;;;10002;1;10005;21;;;9998.5;110.0
3;9500;DIVING_GEAR;100263;24;;;;;100266;24;;;;;100264.5;0.0
3;9500;PICNIC_BASKET;73958;18;73956;26;;;73971;18;73972;26;;;73964.5;1158.75
3;9500;COCONUTS;7930;49;7929;122;;;7932;171;;;;;7931.0;0.0
3;9500;BERRIES;3900;18;3899;59;;;3903;1;3907;18;3908;59;3901.5;0.0
3;9500;UKULELE;20678;76;;;;;20679;26;20680;50;;;20678.5;-1.5
3;9500;BAGUETTE;12401;57;12400;88;;;12403;145;;;;;12402.0;-384.125
3;9500;BANANAS;4792;21;;;;;4796;1;4798;21;;;4794.0;115.603515625
3;9500;DOLPHIN_SIGHTINGS;;;;;;;;;;;;;3093.0;0.0
3;9600;BANANAS;4795;3;4793;1;4792;21;4799;21;;;;;4797.0;118.279296875
3;9600;PEARLS;9998;1;9996;1;9995;20;10004;1;10005;20;;;10001.0;110.0
3;9600;DIVING_GEAR;100277;17;;;;;100280;17;;;;;100278.5;0.0
3;9600;PINA_COLADAS;14886;36;14885;67;;;14889;103;;;;;14887.5;0.0
3;9600;COCONUTS;7930;178;;;;;7933;178;;;;;7931.5;0.0
3;9600;DIP;7018;67;7017;111;;;7019;67;7020;111;;;7018.5;329.6875
3;9600;UKULELE;20671;63;;;;;20673;63;;;;;20672.0;-161.8125
3;9600;DOLPHIN_SIGHTINGS;;;;;;;;;;;;;3093.0;0.0
3;9600;PICNIC_BASKET;73974;1;73973;12;73972;20;73985;1;73986;12;73988;20;73979.5;746.375
3;9600;BERRIES;3900;12;3899;55;;;3907;67;;;;;3903.5;0.0
3;9600;BAGUETTE;12405;30;12404;67;;;12407;97;;;;;12406.0;-186.625
3;9700;COCONUTS;7930;187;;;;;7933;187;;;;;7931.5;-220.125
3;9700;BERRIES;3899;16;3898;43;;;3906;59;;;;;3902.5;0.0
3;9700;UKULELE;20674;29;20673;34;;;20675;63;;;;;20674.5;-102.21875
3;9700;BAGUETTE;12402;154;;;;;12403;5;12404;58;12405;96;12402.5;-317.9375
3;9700;BANANAS;4797;1;4793;9;4792;25;4799;25;;;;;4798.0;118.1328125
3;9700;DOLPHIN_SIGHTINGS;;;;;;;;;;;;;3093.0;0.0
3;9700;PINA_COLADAS;14884;108;;;;;14887;108;;;;;14885.5;-22.25
3;9700;DIP;7017;235;;;;;7019;235;;;;;7018.0;275.6875
3;9700;DIVING_GEAR;100275;25;;;;;100278;25;;;;;100276.5;0.0
3;9700;PEARLS;9998;9;9996;2;9995;23;10004;2;10005;23;;;10001.0;110.0
3;9700;PICNIC_BASKET;73964;2;73963;16;73961;29;73975;2;73976;16;73977;29;73969.5;1023.75
3;9800;DOLPHIN_SIGHTINGS;;;;;;;;;;;;;3093.0;0.0
3;9800;PICNIC_BASKET;73982;1;73981;19;73980;20;73994;1;73995;19;73996;20;73988.0;522.5
3;9800;BERRIES;3899;19;3898;52;;;3906;19;3907;52;;;3902.5;0.0
3;9800;BAGUETTE;12401;59;12400;89;;;12402;59;12403;89;;;12401.5;-386.0
3;9800;BANANAS;4792;1;4791;27;;;4798;28;;;;;4795.0;117.107421875
3;9800;DIVING_GEAR;100278;5;100277;19;;;100280;5;100281;19;;;100279.0;0.0
3;9800;PEARLS;10002;1;9996;1;9995;27;10004;1;10005;27;;;10003.0;110.0
3;9800;PINA_COLADAS;14886;20;14885;101;;;14888;101;;;;;14887.0;-92.25
3;9800;DIP;7020;196;;;;;7022;196;;;;;7021.0;564.375
3;9800;COCONUTS;7931;193;;;;;7934;193;;;;;7932.5;-413.375
3;9800;UKULELE;20674;53;;;;;20676;53;;;;;20675.0;-86.1875
3;9900;DIP;7021;84;7020;162;;;7022;84;7023;162;;;7021.5;640.9375
3;9900;PINA_COLADAS;14883;82;;;;;14886;82;;;;;14884.5;119.25
3;9900;PEARLS;9995;28;;;;;10005;28;;;;;10000.0;112.0
3;9900;DIVING_GEAR;100278;10;100277;19;;;100280;10;100281;19;;;100279.0;0.0
3;9900;PICNIC_BASKET;73992;19;73991;18;;;74006;19;74007;18;;;73999.0;216.625
3;9900;COCONUTS;7930;176;;;;;7933;176;;;;;7931.5;-306.0
3;9900;BERRIES;3898;19;3897;49;;;3905;19;3906;49;;;3901.5;0.0
3;9900;UKULELE;20677;67;;;;;20678;18;20679;49;;;20677.5;-23.0625
3;9900;BAGUETTE;12398;34;12397;84;;;12400;118;;;;;12399.0;-522.875
3;9900;BANANAS;4795;3;4791;28;;;4797;28;;;;;4796.0;115.361328125
3;9900;DOLPHIN_SIGHTINGS;;;;;;;;;;;;;3093.0;0.0
3;10000;PEARLS;9996;1;9995;23;;;10000;6;10004;1;10005;23;9998.0;112.0
3;10000;BANANAS;4796;1;4791;24;;;4797;24;;;;;4796.5;115.345703125
3;10000;DIVING_GEAR;100267;22;;;;;100270;22;;;;;100268.5;0.0
3;10000;DIP;7021;59;7020;111;;;7022;59;7023;111;;;7021.5;615.5
3;10000;PINA_COLADAS;14881;78;;;;;14884;78;;;;;14882.5;298.25
3;10000;UKULELE;20677;23;20676;31;;;20678;23;20679;31;;;20677.5;-25.71875
3;10000;COCONUTS;7930;172;;;;;7933;172;;;;;7931.5;-315.375
3;10000;DOLPHIN_SIGHTINGS;;;;;;;;;;;;;3093.0;0.0
3;10000;PICNIC_BASKET;73993;1;73992;13;73991;23;74004;1;74005;13;74007;23;73998.5;231.25
3;10000;BERRIES;3898;13;3897;53;;;3905;13;3906;53;;;3901.5;0.0
3;10000;BAGUETTE;12399;34;12398;59;;;12400;34;12401;59;;;12399.5;-493.8125
3;10100;BERRIES;3899;20;3898;51;;;3905;20;3906;51;;;3902.0;0.0
3;10100;UKULELE;20682;75;;;;;20684;75;;;;;20683.0;102.53125
3;10100;COCONUTS;7931;178;;;;;7933;178;;;;;7932.0;-355.75
3;10100;BAGUETTE;12401;32;12400;81;;;12402;32;12403;81;;;12401.5;-402.25
3;10100;BANANAS;4794;4;4791;30;;;4797;30;;;;;4795.5;117.1533203125
3;10100;DOLPHIN_SIGHTINGS;;;;;;;;;;;;;3093.0;0.0
3;10100;DIP;7020;206;;;;;7022;206;;;;;7021.0;607.0
3;10100;PINA_COLADAS;14881;35;14880;58;;;14883;35;14884;58;;;14882.0;347.25
3;10100;PEARLS;9995;30;;;;;10005;30;;;;;10000.0;112.0
3;10100;DIVING_GEAR;100261;2;100260;6;100259;20;100262;6;100263;20;;;100261.5;0.0
3;10100;PICNIC_BASKET;74015;20;74014;30;;;74029;20;74030;30;;;74022.0;-395.625
3;10200;DOLPHIN_SIGHTINGS;;;;;;;;;;;;;3093.0;0.0
3;10200;PICNIC_BASKET;74013;1;74012;14;74011;18;74024;1;74025;14;74027;18;74018.5;-366.25
3;10200;BAGUETTE;12404;33;12403;68;;;12405;33;12406;68;;;12404.5;-183.625
3;10200;PEARLS;9996;1;9995;28;;;10002;1;10004;1;10005;28;9999.0;112.0
3;10200;BANANAS;4791;1;4790;28;;;4795;1;4797;29;;;4793.0;116.6376953125
3;10200;DIVING_GEAR;100254;22;;;;;100257;22;;;;;100255.5;0.0
3;10200;BERRIES;3899;14;3898;56;;;3906;14;3907;56;;;3902.5;0.0
3;10200;DIP;7019;207;;;;;7021;207;;;;;7020.0;396.125
3;10200;UKULELE;20682;60;;;;;20684;60;;;;;20683.0;84.75
3;10200;PINA_COLADAS;14879;96;;;;;14882;96;;;;;14880.5;528.625
3;10200;COCONUTS;7930;118;7929;143;;;7932;216;;;;;7931.0;-164.125
3;10300;DIP;7020;91;7019;165;;;7021;91;7022;165;;;7020.5;434.5
3;10300;PINA_COLADAS;14880;33;14879;24;14878;75;14881;24;14882;75;;;14880.5;541.375
3;10300;PEARLS;9998;6;9996;1;9995;30;10004;1;10005;30;;;10001.0;112.0
3;10300;DIVING_GEAR;100252;22;;;;;100255;22;;;;;100253.5;0.0
3;10300;PICNIC_BASKET;74008;1;74007;16;74006;18;74020;1;74021;16;74022;18;74014.0;-170.0
3;10300;BERRIES;3899;16;3898;51;;;3906;16;3907;51;;;3902.5;0.0
3;10300;UKULELE;20682;43;;;;;20683;18;20684;35;;;20682.5;72.875
3;10300;COCONUTS;7929;165;;;;;7932;165;;;;;7930.5;-61.0
3;10300;BAGUETTE;12405;50;12404;91;;;12406;50;12407;91;;;12405.5;-75.9375
3;10300;BANANAS;4791;11;4790;30;;;4797;31;;;;;4794.0;116.3466796875
3;10300;DOLPHIN_SIGHTINGS;;;;;;;;;;;;;3093.0;0.0
3;10400;PEARLS;9995;27;;;;;10005;27;;;;;10000.0;112.0
3;10400;BANANAS;4796;1;4791;27;;;4797;27;;;;;4796.5;116.9375
3;10400;DIVING_GEAR;100245;5;100244;15;;;100247;5;100248;15;;;100246.0;0.0
3;10400;BERRIES;3900;15;3899;42;;;3907;15;3908;42;;;3903.5;0.0
3;10400;DIP;7021;83;7020;116;;;7022;83;7023;116;;;7021.5;602.5
3;10400;UKULELE;20681;58;;;;;20682;25;20683;33;;;20681.5;37.9375
3;10400;PINA_COLADAS;14885;100;;;;;14888;100;;;;;14886.5;-87.375
3;10400;COCONUTS;7930;165;;;;;7933;165;;;;;7931.5;-215.5
3;10400;DOLPHIN_SIGHTINGS;;;;;;;;;;;;;3093.0;0.0
3;10400;PICNIC_BASKET;74031;15;74030;25;;;74045;15;74046;25;;;74038.0;-1232.25
3;10400;BAGUETTE;12409;54;12408;83;;;12411;137;;;;;12410.0;271.5625
3;10500;UKULELE;20683;51;;;;;20685;51;;;;;20684.0;152.0
3;10500;COCONUTS;7931;206;;;;;7934;206;;;;;7932.5;-406.375
3;10500;BAGUETTE;12409;33;12408;71;;;12410;33;12411;71;;;12409.5;202.25
3;10500;BANANAS;4790;27;;;;;4796;2;4797;25;;;4793.0;118.26904296875
3;10500;DOLPHIN_SIGHTINGS;;;;;;;;;;;;;3093.0;0.0
3;10500;DIP;7018;269;;;;;7020;269;;;;;7019.0;23.5
3;10500;PINA_COLADAS;14883;100;;;;;14886;100;;;;;14884.5;84.875
3;10500;PEARLS;10002;5;9996;2;9995;25;10004;2;10005;25;;;10003.0;112.0
3;10500;DIVING_GEAR;100254;5;100253;16;;;100256;5;100257;16;;;100255.0;0.0
3;10500;PICNIC_BASKET;74027;2;74026;16;74025;16;74038;2;74039;16;74040;16;74032.5;-1001.0
3;10500;BERRIES;3900;16;3899;60;;;3907;16;3908;60;;;3903.5;0.0
3;10600;DOLPHIN_SIGHTINGS;;;;;;;;;;;;;3093.0;0.0
3;10600;PICNIC_BASKET;74035;12;74034;26;;;74049;12;74050;26;;;74042.0;-1611.0
3;10600;BAGUETTE;12408;31;12407;89;;;12409;31;12410;89;;;12408.5;84.0
3;10600;PEARLS;10002;1;9995;28;;;10005;28;;;;;10003.5;122.0
3;10600;BANANAS;4790;28;;;;;4797;28;;;;;4793.5;118.14697265625
3;10600;DIVING_GEAR;100253;21;;;;;100256;21;;;;;100254.5;0.0
3;10600;BERRIES;3900;12;3899;58;;;3907;12;3908;58;;;3903.5;0.0
3;10600;DIP;7018;264;;;;;7020;264;;;;;7019.0;5.0
3;10600;UKULELE;20683;69;;;;;20685;69;;;;;20684.0;163.625
3;10600;PINA_COLADAS;14883;83;;;;;14886;83;;;;;14884.5;85.125
3;10600;COCONUTS;7930;199;;;;;7932;72;7933;127;;;7931.0;-198.625
3;10700;DIP;7017;237;;;;;7019;51;7020;186;;;7018.0;-214.625
3;10700;PINA_COLADAS;14885;104;;;;;14888;104;;;;;14886.5;-132.125
3;10700;PEARLS;9995;26;;;;;10005;26;;;;;10000.0;124.0
3;10700;DIVING_GEAR;100247;24;;;;;100250;24;;;;;100248.5;0.0
3;10700;PICNIC_BASKET;74026;17;74025;19;;;74040;17;74041;19;;;74033.0;-1022.0
3;10700;BERRIES;3900;17;3899;45;;;3907;17;3908;45;;;3903.5;0.0
3;10700;UKULELE;20682;61;;;;;20684;61;;;;;20683.0;74.5
3;10700;BAGUETTE;12408;83;;;;;12410;32;12411;51;;;12409.0;162.25
3;10700;COCONUTS;7930;186;;;;;7933;186;;;;;7931.5;-285.375
3;10700;DOLPHIN_SIGHTINGS;;;;;;;;;;;;;3093.0;0.0
3;10700;BANANAS;4790;26;;;;;4797;26;;;;;4793.5;118.3779296875
3;10800;DIVING_GEAR;100243;5;100242;19;;;100245;5;100246;19;;;100244.0;0.0
3;10800;PEARLS;9996;1;9995;22;;;10004;1;10005;22;;;10000.0;124.0
3;10800;BANANAS;4791;1;4790;22;;;4797;23;;;;;4794.0;118.66943359375
3;10800;BERRIES;3902;19;3901;58;;;3908;19;3909;58;;;3905.0;0.0
3;10800;UKULELE;20683;15;20682;39;;;20684;54;;;;;20683.5;112.0
3;10800;PINA_COLADAS;14889;30;14888;56;;;14891;30;14892;56;;;14890.0;-482.875
3;10800;COCONUTS;7931;204;;;;;7934;204;;;;;7932.5;-479.625
3;10800;DIP;7018;90;7017;194;;;7019;90;7020;194;;;7018.5;-182.125
3;10800;DOLPHIN_SIGHTINGS;;;;;;;;;;;;;3093.0;0.0
3;10800;PICNIC_BASKET;74039;1;74038;19;74037;15;74051;1;74052;19;74053;15;74045.0;-1860.0
3;10800;BAGUETTE;12407;125;;;;;12409;35;12410;90;;;12408.0;27.375
3;10900;UKULELE;20684;55;;;;;20685;25;20686;30;;;20684.5;202.0
3;10900;BAGUETTE;12405;51;12404;99;;;12407;150;;;;;12406.0;-286.375
3;10900;COCONUTS;7931;150;;;;;7933;49;7934;101;;;7932.0;-387.5
3;10900;DOLPHIN_SIGHTINGS;;;;;;;;;;;;;3093.0;0.0
3;10900;BANANAS;4791;7;4790;27;;;4797;29;;;;;4794.0;118.76953125
3;10900;PINA_COLADAS;14888;100;;;;;14891;100;;;;;14889.5;-411.25
3;10900;DIP;7020;99;7019;164;;;7021;99;7022;164;;;7020.5;358.125
3;10900;DIVING_GEAR;100243;10;100242;20;;;100245;10;100246;20;;;100244.0;0.0
3;10900;PEARLS;9998;5;9996;2;9995;27;10004;2;10005;27;;;10001.0;124.0
3;10900;PICNIC_BASKET;74047;2;74046;20;74045;25;74058;2;74059;20;74060;25;74052.5;-2395.5
3;10900;BERRIES;3902;20;3901;47;;;3908;20;3909;47;;;3905.0;0.0
3;11000;DOLPHIN_SIGHTINGS;;;;;;;;;;;;;3094.0;0.0
3;11000;PICNIC_BASKET;74039;1;74038;11;74037;23;74050;1;74051;11;74053;23;74044.5;-1844.0
3;11000;BAGUETTE;12402;39;12401;66;;;12404;105;;;;;12403.0;-688.375
3;11000;DIVING_GEAR;100239;8;100238;11;;;100241;8;100242;11;;;100240.0;0.0
3;11000;BANANAS;4790;28;;;;;4795;5;4796;1;4797;27;4792.5;118.30517578125
3;11000;BERRIES;3902;11;3901;40;;;3909;11;3910;40;;;3905.5;0.0
3;11000;UKULELE;20684;23;20683;34;;;20685;57;;;;;20684.5;166.625
3;11000;COCONUTS;7930;19;7929;114;;;7932;183;;;;;7931.0;-153.625
3;11000;PINA_COLADAS;14887;90;;;;;14888;33;14890;90;;;14887.5;-304.0
3;11000;PEARLS;9996;1;9995;27;;;10002;5;10004;1;10005;27;9999.0;124.0
3;11000;DIP;7020;184;;;;;7022;184;;;;;7021.0;508.625
3;11100;PINA_COLADAS;14887;33;14886;60;;;14889;33;14890;60;;;14888.0;-281.0
3;11100;PEARLS;9996;2;9995;23;;;10002;4;10004;2;10005;23;9999.0;124.0
3;11100;DIP;7021;170;;;;;7023;170;;;;;7022.0;737.125
3;11100;DIVING_GEAR;100232;21;;;;;100235;21;;;;;100233.5;0.0
3;11100;PICNIC_BASKET;74058;2;74057;12;74056;29;74070;2;74071;12;74072;29;74064.0;-3197.5
3;11100;BERRIES;3902;12;3901;48;;;3909;12;3910;48;;;3905.5;0.0
3;11100;UKULELE;20685;75;;;;;20687;75;;;;;20686.0;296.0
3;11100;BAGUETTE;12398;112;;;;;12400;49;12401;63;;;12399.0;-1166.5
3;11100;COCONUTS;7930;63;7929;116;;;7932;179;;;;;7931.0;-167.25
3;11100;DOLPHIN_SIGHTINGS;;;;;;;;;;;;;3093.0;0.0
3;11100;BANANAS;4789;25;;;;;4794;3;4796;25;;;4791.5;117.43505859375
3;11200;DIVING_GEAR;100224;25;;;;;100227;25;;;;;100225.5;0.0
3;11200;BANANAS;4789;24;;;;;4795;2;4796;22;;;4792.0;117.2568359375
3;11200;BERRIES;3902;17;3901;43;;;3909;17;3910;43;;;3905.5;0.0
3;11200;UKULELE;20691;78;;;;;20692;30;20693;48;;;20691.5;665.5
3;11200;PINA_COLADAS;14888;81;;;;;14891;81;;;;;14889.5;-456.25
3;11200;PEARLS;9996;2;9995;22;;;10004;2;10005;22;;;10000.0;124.0
3;11200;COCONUTS;7931;22;7929;166;;;7932;166;;;;;7931.5;-140.75
3;11200;DIP;7020;264;;;;;7022;264;;;;;7021.0;423.75
3;11200;DOLPHIN_SIGHTINGS;;;;;;;;;;;;;3093.0;0.0
3;11200;PICNIC_BASKET;74056;2;74055;17;74054;30;74068;2;74069;17;74070;30;74062.0;-3068.5
3;11200;BAGUETTE;12401;36;12400;69;;;12402;36;12403;69;;;12401.5;-893.375
3;11300;BAGUETTE;12401;118;;;;;12403;118;;;;;12402.0;-803.625
3;11300;COCONUTS;7929;205;;;;;7932;205;;;;;7930.5;-84.625
3;11300;DOLPHIN_SIGHTINGS;;;;;;;;;;;;;3093.0;0.0
3;11300;BANANAS;4788;24;;;;;4790;4;4795;24;;;4789.0;116.51318359375
3;11300;UKULELE;20692;64;;;;;20693;15;20694;49;;;20692.5;733.25
3;11300;PINA_COLADAS;14888;20;14887;53;;;14890;20;14891;53;;;14889.0;-379.375
3;11300;PEARLS;9996;2;9995;22;;;10004;2;10005;22;;;10000.0;124.0
3;11300;DIP;7021;238;;;;;7023;238;;;;;7022.0;755.875
3;11300;DIVING_GEAR;100224;26;;;;;100227;26;;;;;100225.5;0.0
3;11300;PICNIC_BASKET;74062;2;74061;18;74060;15;74073;2;74074;18;74075;15;74067.5;-3445.5
3;11300;BERRIES;3903;18;3902;48;;;3910;18;3911;48;;;3906.5;0.0
3;11400;DOLPHIN_SIGHTINGS;;;;;;;;;;;;;3092.0;0.0
3;11400;BAGUETTE;12403;56;12402;53;;;12405;109;;;;;12404.0;-573.75
3;11400;DIVING_GEAR;100235;24;;;;;100238;24;;;;;100236.5;0.0
3;11400;BANANAS;4789;5;4788;27;;;4795;27;;;;;4792.0;122.62890625
3;11400;BERRIES;3903;17;3902;57;;;3910;17;3911;57;;;3906.5;0.0
3;11400;UKULELE;20698;58;;;;;20699;16;20700;42;;;20698.5;1124.375
3;11400;PICNIC_BASKET;74064;1;74062;17;74061;16;74075;1;74076;17;74077;16;74069.5;-3561.0
3;11400;PINA_COLADAS;14889;29;14888;70;;;14891;29;14892;70;;;14890.0;-475.625
3;11400;PEARLS;9998;5;9996;1;9995;26;10004;1;10005;26;;;10001.0;124.0
3;11400;COCONUTS;7930;153;;;;;7933;153;;;;;7931.5;-234.875
3;11400;DIP;7023;195;;;;;7025;195;;;;;7024.0;1298.0
3;11500;PINA_COLADAS;14890;24;14889;52;;;14892;24;14893;52;;;14891.0;-583.625
3;11500;PEARLS;9995;30;;;;;10005;30;;;;;10000.0;124.0
3;11500;DIP;7025;231;;;;;7027;231;;;;;7026.0;1777.25
3;11500;DIVING_GEAR;100218;9;100217;17;;;100220;9;100221;17;;;100219.0;0.0
3;11500;BERRIES;3903;17;3902;47;;;3910;17;3911;47;;;3906.5;0.0
3;11500;BAGUETTE;12406;100;;;;;12408;38;12409;62;;;12407.0;-113.875
3;11500;PICNIC_BASKET;74074;17;74073;25;;;74080;2;74087;17;74089;25;74077.0;-4359.5
3;11500;COCONUTS;7930;181;;;;;7933;181;;;;;7931.5;-218.875
3;11500;DOLPHIN_SIGHTINGS;;;;;;;;;;;;;3092.0;0.0
3;11500;BANANAS;4789;30;;;;;4795;30;;;;;4792.0;125.041015625
3;11500;UKULELE;20697;74;;;;;20699;74;;;;;20698.0;1094.875
3;11600;DIVING_GEAR;100215;18;;;;;100218;18;;;;;100216.5;0.0
3;11600;BANANAS;4789;25;;;;;4794;2;4796;25;;;4791.5;129.36328125
3;11600;BERRIES;3903;12;3902;40;;;3910;12;3911;40;;;3906.5;0.0
3;11600;UKULELE;20699;68;;;;;20701;68;;;;;20700.0;1222.875
3;11600;PICNIC_BASKET;74066;12;74065;28;;;74080;12;74081;28;;;74073.0;-3821.5
3;11600;PINA_COLADAS;14889;88;;;;;14892;88;;;;;14890.5;-509.625
3;11600;PEARLS;9995;25;;;;;10002;2;10005;25;;;9998.5;124.0
3;11600;COCONUTS;7929;198;;;;;7932;198;;;;;7930.5;-99.25
3;11600;DIP;7025;290;;;;;7027;290;;;;;7026.0;1912.0
3;11600;DOLPHIN_SIGHTINGS;;;;;;;;;;;;;3092.0;0.0
3;11600;BAGUETTE;12405;58;12404;94;;;12407;152;;;;;12406.0;-287.125
3;11700;BAGUETTE;12403;137;;;;;12405;38;12406;99;;;12404.0;-507.0
3;11700;PICNIC_BASKET;74058;14;74057;15;;;74072;14;74073;15;;;74065.0;-3286.5
3;11700;COCONUTS;7928;192;;;;;7931;192;;;;;7929.5;41.375
3;11700;DOLPHIN_SIGHTINGS;;;;;;;;;;;;;3092.0;0.0
3;11700;BANANAS;4790;21;;;;;4791;2;4796;21;;;4790.5;130.017578125
3;11700;UKULELE;20697;46;;;;;20698;15;20699;31;;;20697.5;1066.25
3;11700;PINA_COLADAS;14889;25;14888;73;;;14891;25;14892;73;;;14890.0;-472.125
3;11700;PEARLS;9995;21;;;;;10005;21;;;;;10000.0;124.0
3;11700;DIP;7026;99;7025;117;;;7027;99;7028;117;;;7026.5;1951.375
3;11700;DIVING_GEAR;100215;24;;;;;100218;24;;;;;100216.5;0.0
3;11700;BERRIES;3904;14;3903;42;;;3910;14;3911;42;;;3907.0;0.0
3;11800;DOLPHIN_SIGHTINGS;;;;;;;;;;;;;3092.0;0.0
3;11800;BAGUETTE;12408;58;12407;99;;;12409;58;12410;99;;;12408.5;65.125
3;11800;DIVING_GEAR;100210;21;;;;;100213;21;;;;;100211.5;0.0
3;11800;BANANAS;4791;9;4790;28;;;4797;28;;;;;4794.0;137.3828125
3;11800;BERRIES;3904;14;3903;42;;;3911;14;3912;42;;;3907.5;0.0
3;11800;UKULELE;20694;65;;;;;20695;21;20696;44;;;20694.5;861.875
3;11800;PICNIC_BASKET;74060;14;74059;21;;;74074;14;74075;21;;;74067.0;-3425.0
3;11800;PINA_COLADAS;14887;74;;;;;14890;74;;;;;14888.5;-319.375
3;11800;PEARLS;9998;9;9995;28;;;10005;28;;;;;10001.5;124.0
3;11800;COCONUTS;7928;176;;;;;7931;176;;;;;7929.5;39.125
3;11800;DIP;7027;239;;;;;7029;239;;;;;7028.0;2301.625
3;11900;PINA_COLADAS;14888;82;;;;;14889;25;14891;82;;;14888.5;-448.75
3;11900;DIP;7027;3;7026;229;;;7028;229;;;;;7027.5;2161.875
3;11900;DIVING_GEAR;100224;8;100223;15;;;100226;8;100227;15;;;100225.0;0.0
3;11900;PEARLS;9998;3;9995;24;;;10005;24;;;;;10001.5;124.0
3;11900;BERRIES;3904;15;3903;45;;;3911;15;3912;45;;;3907.5;0.0
3;11900;BAGUETTE;12407;87;;;;;12409;36;12410;51;;;12408.0;29.25
3;11900;PICNIC_BASKET;74061;15;74060;25;;;74075;15;74076;25;;;74068.0;-3482.0
3;11900;COCONUTS;7928;172;;;;;7931;172;;;;;7929.5;46.375
3;11900;DOLPHIN_SIGHTINGS;;;;;;;;;;;;;3092.0;0.0
3;11900;BANANAS;4791;3;4790;24;;;4797;24;;;;;4794.0;137.73046875
3;11900;UKULELE;20698;71;;;;;20700;71;;;;;20699.0;1166.25
3;12000;BANANAS;4790;21;;;;;4796;21;;;;;4793.0;134.82421875
3;12000;BERRIES;3903;18;3902;46;;;3910;18;3911;46;;;3906.5;0.0
3;12000;UKULELE;20701;23;20700;43;;;20702;66;;;;;20701.5;1303.75
3;12000;PICNIC_BASKET;74044;18;74043;23;;;74057;18;74059;23;;;74050.5;-2262.0
3;12000;PINA_COLADAS;14886;88;;;;;14889;88;;;;;14887.5;-248.625
3;12000;DIP;7025;55;7024;169;;;7026;55;7027;169;;;7025.5;1735.75
3;12000;DIVING_GEAR;100225;6;100224;18;;;100227;6;100228;18;;;100226.0;0.0
3;12000;PEARLS;9995;21;;;;;10005;21;;;;;10000.0;124.0
3;12000;COCONUTS;7928;165;;;;;7930;46;7931;119;;;7929.0;160.0
3;12000;DOLPHIN_SIGHTINGS;;;;;;;;;;;;;3092.0;0.0
3;12000;BAGUETTE;12407;111;;;;;12409;56;12410;55;;;12408.0;39.875
3;12100;BAGUETTE;12407;48;12406;93;;;12408;48;12409;93;;;12407.5;-92.375
3;12100;PICNIC_BASKET;74053;2;74052;11;74051;29;74065;2;74066;11;74067;29;74059.0;-2856.0
3;12100;COCONUTS;7929;217;;;;;7932;217;;;;;7930.5;-84.25
3;12100;DOLPHIN_SIGHTINGS;;;;;;;;;;;;;3092.0;0.0
3;12100;BANANAS;4791;5;4790;24;;;4796;24;;;;;4793.5;133.4375
3;12100;UKULELE;20694;66;;;;;20696;66;;;;;20695.0;897.125
3;12100;PEARLS;10000;5;9998;5;9996;2;10004;2;10005;22;;;10002.0;124.0
3;12100;DIP;7025;93;7024;186;;;7026;93;7027;186;;;7025.5;1675.625
3;12100;DIVING_GEAR;100214;10;100213;11;;;100216;10;100217;11;;;100215.0;0.0
3;12100;PINA_COLADAS;14889;27;14888;73;;;14892;100;;;;;14890.5;-495.75
3;12100;BERRIES;3903;11;3902;43;;;3910;11;3911;43;;;3906.5;0.0
3;12200;DOLPHIN_SIGHTINGS;;;;;;;;;;;;;3092.0;0.0
3;12200;BAGUETTE;12406;59;12405;98;;;12408;157;;;;;12407.0;-158.875
3;12200;BANANAS;4790;2;4789;30;;;4796;32;;;;;4793.0;131.859375
3;12200;BERRIES;3902;16;3901;54;;;3909;16;3910;54;;;3905.5;0.0
3;12200;UKULELE;20690;23;20689;42;;;20691;65;;;;;20690.5;583.25
3;12200;PICNIC_BASKET;74054;2;74053;16;74051;23;74065;2;74066;16;74067;23;74059.5;-2872.0
3;12200;PEARLS;9996;2;9995;30;;;10004;2;10005;30;;;10000.0;124.0
3;12200;DIP;7024;98;7023;169;;;7026;267;;;;;7025.0;1490.5
3;12200;DIVING_GEAR;100215;22;;;;;100218;22;;;;;100216.5;0.0
3;12200;COCONUTS;7930;207;;;;;7932;207;;;;;7931.0;-179.375
3;12200;PINA_COLADAS;14891;109;;;;;14894;109;;;;;14892.5;-710.0
3;12300;PEARLS;9996;2;9995;29;;;10004;2;10005;29;;;10000.0;124.0
3;12300;DIP;7023;203;;;;;7025;203;;;;;7024.0;1372.5
3;12300;DIVING_GEAR;100208;8;100207;18;;;100210;8;100211;18;;;100209.0;0.0
3;12300;PINA_COLADAS;14893;33;14892;89;;;14895;89;;;;;14894.0;-863.625
3;12300;BERRIES;3905;5;3901;18;3900;52;3908;18;3909;52;;;3906.5;0.0
3;12300;BAGUETTE;12407;46;12406;54;;;12409;100;;;;;12408.0;-34.375
3;12300;PICNIC_BASKET;74060;2;74058;18;74057;28;74071;2;74072;18;74073;28;74065.5;-3282.5
3;12300;DOLPHIN_SIGHTINGS;;;;;;;;;;;;;3091.0;0.0
3;12300;COCONUTS;7931;162;;;;;7934;162;;;;;7932.5;-393.25
3;12300;BANANAS;4789;31;;;;;4796;31;;;;;4792.5;131.3203125
3;12300;UKULELE;20687;28;20686;30;;;20688;58;;;;;20687.5;375.5
3;12400;COCONUTS;7932;60;7931;121;;;7934;181;;;;;7933.0;-499.375
3;12400;BERRIES;3901;13;3900;56;;;3908;13;3909;56;;;3904.5;0.0
3;12400;BANANAS;4790;22;;;;;4797;22;;;;;4793.5;136.55859375
3;12400;UKULELE;20683;65;;;;;20685;65;;;;;20684.0;151.5
3;12400;PICNIC_BASKET;74065;2;74064;13;74063;21;74077;2;74078;13;74079;21;74071.0;-3682.0
3;12400;PEARLS;9996;2;9995;20;;;10004;2;10005;20;;;10000.0;124.0
3;12400;DIP;7025;226;;;;;7027;226;;;;;7026.0;1785.125
3;12400;DIVING_GEAR;100213;5;100212;13;;;100215;5;100216;13;;;100214.0;0.0
3;12400;PINA_COLADAS;14892;20;14891;72;;;14894;20;14895;72;;;14893.0;-792.875
3;12400;BAGUETTE;12407;155;;;;;12409;155;;;;;12408.0;7.25
3;12400;DOLPHIN_SIGHTINGS;;;;;;;;;;;;;3092.0;0.0
3;12500;BAGUETTE;12406;51;12405;68;;;12408;119;;;;;12407.0;-148.75
3;12500;PICNIC_BASKET;74073;1;74072;10;74071;27;74085;1;74086;10;74087;27;74079.0;-4241.5
3;12500;DOLPHIN_SIGHTINGS;;;;;;;;;;;;;3091.0;0.0
3;12500;COCONUTS;7932;45;7931;127;;;7934;172;;;;;7933.0;-509.875
3;12500;BANANAS;4791;25;;;;;4797;25;;;;;4794.0;141.01953125
3;12500;UKULELE;20683;62;;;;;20685;62;;;;;20684.0;148.5
3;12500;PEARLS;9996;1;9995;24;;;10004;1;10005;24;;;10000.0;124.0
3;12500;DIP;7027;58;7026;116;;;7028;68;7029;116;;;7027.5;2241.125
3;12500;DIVING_GEAR;100212;17;;;;;100215;17;;;;;100213.5;0.0
3;12500;PINA_COLADAS;14895;98;;;;;14898;98;;;;;14896.5;-1123.5
3;12500;BERRIES;3901;10;3900;42;;;3908;10;3909;42;;;3904.5;0.0
3;12600;BAGUETTE;12408;51;12407;72;;;12409;51;12410;72;;;12408.5;55.625
3;12600;DOLPHIN_SIGHTINGS;;;;;;;;;;;;;3091.0;0.0
3;12600;COCONUTS;7932;170;;;;;7935;170;;;;;7933.5;-674.625
3;12600;BERRIES;3901;14;3900;58;;;3908;14;3909;58;;;3904.5;0.0
3;12600;BANANAS;4791;22;;;;;4797;22;;;;;4794.0;142.4296875
3;12600;UKULELE;20682;73;;;;;20684;73;;;;;20683.0;89.875
3;12600;PICNIC_BASKET;74081;14;74080;30;;;74094;14;74096;30;;;74087.5;-4850.0
3;12600;PEARLS;9995;22;;;;;10005;22;;;;;10000.0;124.0
3;12600;DIP;7027;72;7026;124;;;7028;72;7029;124;;;7027.5;2216.5
3;12600;DIVING_GEAR;100220;6;100219;14;;;100222;6;100223;14;;;100221.0;0.0
3;12600;PINA_COLADAS;14897;33;14896;71;;;14899;33;14900;71;;;14898.0;-1310.75
3;12700;PEARLS;9996;2;9995;30;;;10000;4;10004;2;10005;30;9998.0;124.0
3;12700;DIP;7028;60;7027;116;;;7029;60;7030;116;;;7028.5;2524.875
3;12700;DIVING_GEAR;100213;25;;;;;100216;25;;;;;100214.5;0.0
3;12700;PINA_COLADAS;14899;22;14898;70;;;14901;22;14902;70;;;14900.0;-1501.375
3;12700;BERRIES;3902;19;3901;54;;;3909;19;3910;54;;;3905.5;0.0
3;12700;BAGUETTE;12407;107;;;;;12409;47;12410;60;;;12408.0;39.625
3;12700;PICNIC_BASKET;74092;2;74091;19;74090;30;74104;2;74105;19;74106;30;74098.0;-5571.5
3;12700;DOLPHIN_SIGHTINGS;;;;;;;;;;;;;3091.0;0.0
3;12700;COCONUTS;7933;45;7932;127;;;7935;172;;;;;7934.0;-708.0
3;12700;BANANAS;4791;31;;;;;4797;32;;;;;4794.0;143.064453125
3;12700;UKULELE;20685;78;;;;;20687;78;;;;;20686.0;287.0
3;12800;COCONUTS;7932;195;;;;;7933;44;7934;70;7935;125;7932.5;-541.375
3;12800;BERRIES;3901;16;3900;58;;;3908;16;3909;58;;;3904.5;0.0
3;12800;BANANAS;4792;4;4791;24;;;4798;24;;;;;4795.0;146.017578125
3;12800;UKULELE;20687;75;;;;;20689;75;;;;;20688.0;418.0
3;12800;PICNIC_BASKET;74097;2;74096;16;74095;28;74108;2;74109;16;74110;28;74102.5;-5893.5
3;12800;PEARLS;9998;4;9996;2;9995;22;10004;2;10005;22;;;10001.0;124.0
3;12800;DIP;7028;65;7027;137;;;7029;65;7030;137;;;7028.5;2504.25
3;12800;DIVING_GEAR;100216;5;100215;16;;;100218;5;100219;16;;;100217.0;0.0
3;12800;PINA_COLADAS;14898;84;;;;;14901;84;;;;;14899.5;-1452.75
3;12800;BAGUETTE;12408;38;12407;65;;;12410;103;;;;;12409.0;114.75
3;12800;DOLPHIN_SIGHTINGS;;;;;;;;;;;;;3092.0;0.0
3;12900;PICNIC_BASKET;74100;6;74094;16;74093;29;74108;16;74109;29;;;74104.0;-5773.5
3;12900;DOLPHIN_SIGHTINGS;;;;;;;;;;;;;3091.0;0.0
3;12900;COCONUTS;7931;150;;;;;7933;50;7934;100;;;7932.0;-390.75
3;12900;UKULELE;20691;29;20690;33;;;20692;62;;;;;20691.5;644.25
3;12900;BANANAS;4790;25;;;;;4795;9;4797;25;;;4792.5;139.59765625
3;12900;PEARLS;9995;25;;;;;10002;9;10005;25;;;9998.5;124.0
3;12900;DIP;7027;76;7026;178;;;7029;254;;;;;7028.0;2284.25
3;12900;DIVING_GEAR;100226;5;100225;16;;;100228;5;100229;16;;;100227.0;0.0
3;12900;PINA_COLADAS;14895;89;;;;;14898;89;;;;;14896.5;-1121.75
3;12900;BERRIES;3901;16;3900;41;;;3908;16;3909;41;;;3904.5;0.0
3;12900;BAGUETTE;12410;58;12409;76;;;12412;134;;;;;12411.0;386.75
3;13000;DIP;7028;45;7027;181;;;7029;53;7030;181;;;7028.5;2494.75
3;13000;DOLPHIN_SIGHTINGS;;;;;;;;;;;;;3091.0;0.0
3;13000;COCONUTS;7930;193;;;;;7933;193;;;;;7931.5;-239.875
3;13000;BERRIES;3901;17;3900;47;;;3908;17;3909;47;;;3904.5;0.0
3;13000;UKULELE;20693;57;;;;;20695;57;;;;;20694.0;827.875
3;13000;BAGUETTE;12408;83;;;;;12409;8;12410;30;12411;53;12408.5;160.0
3;13000;BANANAS;4790;24;;;;;4797;24;;;;;4793.5;140.6171875
3;13000;PICNIC_BASKET;74101;1;74100;17;74099;22;74112;1;74113;17;74115;22;74106.5;-6185.5
3;13000;PEARLS;10002;2;9996;1;9995;23;10004;1;10005;23;;;10003.0;124.0
3;13000;DIVING_GEAR;100224;7;100223;17;;;100226;7;100227;17;;;100225.0;0.0
3;13000;PINA_COLADAS;14897;85;;;;;14900;85;;;;;14898.5;-1331.5
3;13100;DIVING_GEAR;100219;2;100217;17;;;100220;17;;;;;100219.5;0.0
3;13100;PEARLS;9996;1;9995;20;;;10004;1;10005;20;;;10000.0;124.0
3;13100;PINA_COLADAS;14898;78;;;;;14901;78;;;;;14899.5;-1436.125
3;13100;BERRIES;3902;10;3901;40;;;3908;10;3909;40;;;3905.0;0.0
3;13100;BAGUETTE;12407;42;12406;78;;;12408;42;12409;78;;;12407.5;-88.125
3;13100;PICNIC_BASKET;74108;1;74107;10;74106;29;74120;1;74121;10;74122;29;74114.0;-6686.5
3;13100;DOLPHIN_SIGHTINGS;;;;;;;;;;;;;3091.0;0.0
3;13100;COCONUTS;7930;197;;;;;7931;74;7933;197;;;7930.5;-218.375
3;13100;DIP;7029;204;;;;;7031;207;;;;;7030.0;2844.25
3;13100;UKULELE;20696;29;20695;49;;;20697;78;;;;;20696.5;968.0
3;13100;BANANAS;4793;1;4791;1;4790;20;4797;21;;;;;4795.0;141.283203125
3;13200;COCONUTS;7930;63;7929;197;;;7932;197;;;;;7931.0;-79.25
3;13200;BERRIES;3901;12;3900;41;;;3908;12;3909;41;;;3904.5;0.0
3;13200;UKULELE;20696;67;;;;;20697;20;20698;47;;;20696.5;1003.25
3;13200;BAGUETTE;12406;36;12405;57;;;12407;36;12408;57;;;12406.5;-179.625
3;13200;BANANAS;4791;4;4790;25;;;4797;25;;;;;4794.0;140.48828125
3;13200;PICNIC_BASKET;74108;12;74107;20;;;74121;12;74123;20;;;74114.5;-6744.0
3;13200;DIVING_GEAR;100215;5;100214;12;;;100217;5;100218;12;;;100216.0;0.0
3;13200;PEARLS;9998;4;9995;25;;;10005;25;;;;;10001.5;124.0
3;13200;PINA_COLADAS;14896;103;;;;;14899;103;;;;;14897.5;-1281.5
3;13200;DIP;7028;57;7027;134;;;7029;57;7030;134;;;7028.5;2535.5
3;13200;DOLPHIN_SIGHTINGS;;;;;;;;;;;;;3091.0;0.0
3;13300;PICNIC_BASKET;74120;3;74114;18;74113;29;74128;18;74129;29;;;74124.0;-7175.0
3;13300;DOLPHIN_SIGHTINGS;;;;;;;;;;;;;3091.0;0.0
3;13300;COCONUTS;7928;226;;;;;7931;226;;;;;7929.5;55.125
3;13300;PINA_COLADAS;14896;88;;;;;14899;88;;;;;14897.5;-1274.5
3;13300;DIP;7029;193;;;;;7031;193;;;;;7030.0;2835.5
3;13300;UKULELE;20695;29;20694;49;;;20696;29;20697;49;;;20695.5;919.75
3;13300;BANANAS;4790;27;;;;;4795;5;4797;27;;;4792.5;140.015625
3;13300;PEARLS;9995;27;;;;;10002;5;10005;27;;;9998.5;124.0
3;13300;DIVING_GEAR;100216;26;;;;;100219;26;;;;;100217.5;0.0
3;13300;BERRIES;3901;18;3900;45;;;3908;18;3909;45;;;3904.5;0.0
3;13300;BAGUETTE;12403;113;;;;;12405;44;12406;69;;;12404.0;-502.75
3;13400;PINA_COLADAS;14897;108;;;;;14900;108;;;;;14898.5;-1362.25
3;13400;DIP;7028;191;;;;;7030;191;;;;;7029.0;2705.5
3;13400;DOLPHIN_SIGHTINGS;;;;;;;;;;;;;3091.0;0.0
3;13400;BERRIES;3901;16;3900;55;;;3908;16;3909;55;;;3904.5;0.0
3;13400;COCONUTS;7928;178;;;;;7931;178;;;;;7929.5;76.0
3;13400;UKULELE;20697;67;;;;;20699;67;;;;;20698.0;1095.875
3;13400;BAGUETTE;12406;36;12405;82;;;12407;36;12408;82;;;12406.5;-183.5
3;13400;BANANAS;4791;1;4790;25;;;4797;26;;;;;4794.0;141.3984375
3;13400;PICNIC_BASKET;74124;1;74123;16;74122;26;74135;1;74136;16;74138;26;74129.5;-7796.0
3;13400;PEARLS;9996;1;9995;25;;;10004;1;10005;25;;;10000.0;124.0
3;13400;DIVING_GEAR;100213;26;;;;;100216;26;;;;;100214.5;0.0
3;13500;PEARLS;10000;5;9995;26;;;10005;26;;;;;10002.5;124.0
3;13500;DIVING_GEAR;100216;21;;;;;100219;21;;;;;100217.5;0.0
3;13500;BERRIES;3901;63;;;;;3908;11;3909;52;;;3904.5;0.0
3;13500;BAGUETTE;12405;47;12404;85;;;12406;47;12407;85;;;12405.5;-341.5
3;13500;PICNIC_BASKET;74108;11;74107;17;;;74122;11;74123;17;;;74115.0;-6774.0
3;13500;DOLPHIN_SIGHTINGS;;;;;;;;;;;;;3092.0;0.0
3;13500;PINA_COLADAS;14897;95;;;;;14900;95;;;;;14898.5;-1330.625
3;13500;COCONUTS;7928;177;;;;;7930;50;7931;127;;;7929.0;147.375
3;13500;DIP;7029;85;7028;146;;;7030;85;7031;146;;;7029.5;2787.375
3;13500;UKULELE;20701;47;;;;;20702;17;20703;30;;;20701.5;1341.125
3;13500;BANANAS;4795;12;4791;26;;;4797;26;;;;;4796.0;143.193359375
3;13600;COCONUTS;7929;210;;;;;7932;210;;;;;7930.5;-73.875
3;13600;BERRIES;3901;11;3900;49;;;3908;11;3909;49;;;3904.5;0.0
3;13600;UKULELE;20700;75;;;;;20702;75;;;;;20701.0;1281.25
3;13600;BAGUETTE;12406;30;12405;96;;;12407;30;12408;96;;;12406.5;-196.125
3;13600;BANANAS;4794;2;4792;3;4791;21;4797;1;4798;20;;;4795.5;154.20703125
3;13600;PEARLS;9998;2;9996;1;9995;20;10004;1;10005;20;;;10001.0;124.0
3;13600;DIVING_GEAR;100223;4;100222;11;;;100225;5;100226;11;;;100224.0;0.0
3;13600;PICNIC_BASKET;74109;1;74108;11;74107;26;74121;1;74122;11;74123;26;74115.0;-6771.0
3;13600;PINA_COLADAS;14900;73;;;;;14903;73;;;;;14901.5;-1658.625
3;13600;DIP;7030;219;;;;;7032;219;;;;;7031.0;3227.125
3;13600;DOLPHIN_SIGHTINGS;;;;;;;;;;;;;3092.0;0.0
3;13700;DOLPHIN_SIGHTINGS;;;;;;;;;;;;;3092.0;0.0
3;13700;PICNIC_BASKET;74122;1;74120;17;74119;27;74127;4;74133;1;74134;17;74124.5;-7627.0
3;13700;PINA_COLADAS;14899;103;;;;;14902;103;;;;;14900.5;-1558.125
3;13700;COCONUTS;7928;218;;;;;7931;218;;;;;7929.5;99.375
3;13700;DIP;7031;241;;;;;7033;241;;;;;7032.0;3471.625
3;13700;UKULELE;20697;60;;;;;20699;60;;;;;20698.0;1083.375
3;13700;BANANAS;4791;28;;;;;4797;28;;;;;4794.0;155.34375
3;13700;PEARLS;9996;1;9995;27;;;10004;1;10005;27;;;10000.0;124.0
3;13700;DIVING_GEAR;100218;7;100217;17;;;100220;7;100221;17;;;100219.0;0.0
3;13700;BERRIES;3901;17;3900;42;;;3908;17;3909;42;;;3904.5;0.0
3;13700;BAGUETTE;12405;129;;;;;12407;56;12408;73;;;12406.0;-255.625
3;13800;PINA_COLADAS;14900;29;14899;74;;;14902;29;14903;74;;;14901.0;-1605.0
3;13800;DIP;7033;100;7032;111;;;7034;100;7035;111;;;7033.5;3889.375
3;13800;DOLPHIN_SIGHTINGS;;;;;;;;;;;;;3092.0;0.0
3;13800;COCONUTS;7929;207;;;;;7932;207;;;;;7930.5;-46.0
3;13800;BERRIES;3901;18;3900;52;;;3908;18;3909;52;;;3904.5;0.0
3;13800;UKULELE;20703;68;;;;;20705;68;;;;;20704.0;1496.125
3;13800;BAGUETTE;12403;156;;;;;12405;56;12406;100;;;12404.0;-520.125
3;13800;BANANAS;4791;1;4790;30;;;4797;31;;;;;4794.0;156.822265625
3;13800;PEARLS;9996;1;9995;30;;;10004;1;10005;30;;;10000.0;124.0
3;13800;DIVING_GEAR;100208;7;100207;18;;;100210;7;100211;18;;;100209.0;0.0
3;13800;PICNIC_BASKET;74131;1;74130;18;74129;20;74143;1;74144;18;74145;20;74137.0;-8299.5
3;13900;PEARLS;9996;1;9995;20;;;10004;1;10005;20;;;10000.0;124.0
3;13900;DIVING_GEAR;100202;10;100201;20;;;100204;10;100205;20;;;100203.0;0.0
3;13900;BERRIES;3901;20;3900;52;;;3908;20;3909;52;;;3904.5;0.0
3;13900;BAGUETTE;12403;51;12402;56;;;12404;51;12405;56;;;12403.5;-591.625
3;13900;DOLPHIN_SIGHTINGS;;;;;;;;;;;;;3092.0;0.0
3;13900;PICNIC_BASKET;74145;1;74144;20;74143;29;74157;1;74158;20;74159;29;74151.0;-9280.0
3;13900;PINA_COLADAS;14897;102;;;;;14900;102;;;;;14898.5;-1323.25
3;13900;COCONUTS;7929;48;7928;117;;;7931;165;;;;;7930.0;16.375
3;13900;DIP;7032;56;7031;170;;;7033;56;7034;170;;;7032.5;3612.25
3;13900;UKULELE;20708;29;20707;45;;;20709;74;;;;;20708.5;1772.125
3;13900;BANANAS;4791;1;4790;20;;;4797;21;;;;;4794.0;155.9765625
3;14000;COCONUTS;7927;180;;;;;7930;180;;;;;7928.5;286.5
3;14000;BERRIES;3901;16;3900;42;;;3908;16;3909;42;;;3904.5;0.0
3;14000;UKULELE;20708;58;;;;;20709;23;20710;35;;;20708.5;1805.75
3;14000;BAGUETTE;12406;130;;;;;12408;130;;;;;12407.0;-138.875
3;14000;PEARLS;9996;1;9995;29;;;10004;1;10005;29;;;10000.0;124.0
3;14000;DIVING_GEAR;100191;26;;;;;100194;26;;;;;100192.5;0.0
3;14000;PICNIC_BASKET;74141;1;74140;16;74138;23;74152;1;74153;16;74154;23;74146.5;-8965.0
3;14000;PINA_COLADAS;14895;78;;;;;14898;25;14899;53;;;14896.5;-1185.375
3;14000;DIP;7032;258;;;;;7034;258;;;;;7033.0;3644.125
3;14000;BANANAS;4791;1;4790;29;;;4797;30;;;;;4794.0;156.6796875
3;14000;DOLPHIN_SIGHTINGS;;;;;;;;;;;;;3092.0;0.0
3;14100;DOLPHIN_SIGHTINGS;;;;;;;;;;;;;3092.0;0.0
3;14100;PICNIC_BASKET;74145;1;74143;10;74142;24;74156;1;74157;10;74158;24;74150.5;-9237.0
3;14100;PINA_COLADAS;14892;92;;;;;14895;92;;;;;14893.5;-846.75
3;14100;DIP;7033;75;7032;163;;;7034;75;7035;163;;;7033.5;3889.75
3;14100;COCONUTS;7926;220;;;;;7929;220;;;;;7927.5;449.125
3;14100;UKULELE;20704;59;;;;;20705;24;20706;35;;;20704.5;1525.75
3;14100;BANANAS;4795;1;4790;24;;;4797;24;;;;;4796.0;157.501953125
3;14100;PEARLS;9996;1;9995;23;;;9998;1;10004;1;10005;23;9997.0;124.0
3;14100;DIVING_GEAR;100186;19;;;;;100189;19;;;;;100187.5;0.0
3;14100;BERRIES;3901;10;3900;58;;;3908;10;3909;58;;;3904.5;0.0
3;14100;BAGUETTE;12406;35;12405;75;;;12407;35;12408;75;;;12406.5;-188.75
3;14200;PINA_COLADAS;14895;103;;;;;14898;103;;;;;14896.5;-1141.375
3;14200;DIP;7034;172;;;;;7036;172;;;;;7035.0;4313.875
3;14200;BANANAS;4790;27;;;;;4797;27;;;;;4793.5;158.134765625
3;14200;DOLPHIN_SIGHTINGS;;;;;;;;;;;;;3092.0;0.0
3;14200;COCONUTS;7926;185;;;;;7929;185;;;;;7927.5;436.125
