day;timestamp;product;bid_price_1;bid_volume_1;bid_price_2;bid_volume_2;bid_price_3;bid_volume_3;ask_price_1;ask_volume_1;ask_price_2;ask_volume_2;ask_price_3;ask_volume_3;mid_price;profit_and_loss
1;0;PINA_COLADAS;15013;36;15012;52;;;15016;88;;;;;15014.5;0.0
1;0;BANANAS;4871;3;4870;22;;;4877;22;;;;;4874.0;0.0
1;0;COCONUTS;8003;214;;;;;8006;214;;;;;8004.5;0.0
1;0;PEARLS;9998;3;9996;1;9995;21;10004;1;10005;21;;;10001.0;0.0
1;100;BANANAS;4871;3;4870;48;;;4877;48;;;;;4874.0;0.0
1;100;COCONUTS;8003;258;8002;106;;;8005;150;8006;214;;;8004.0;0.0
1;100;PINA_COLADAS;15012;52;15011;40;15010;58;15013;4;15014;58;15016;88;15012.5;0.0
1;100;PEARLS;9998;2;9996;1;9995;47;10004;1;10005;47;;;10001.0;0.0
1;200;BANANAS;4875;1;4871;3;4870;80;4876;32;4877;48;;;4875.5;0.0
1;200;PEARLS;9998;1;9996;3;9995;77;10004;3;10005;77;;;10001.0;0.0
1;200;COCONUTS;8003;449;8002;106;;;8005;205;8006;350;;;8004.0;0.0
1;200;PINA_COLADAS;15015;12;15012;52;15011;40;15016;88;15018;74;;;15015.5;0.0
1;300;BANANAS;4871;3;4870;80;4868;28;4875;28;4876;32;4877;48;4873.0;0.0
1;300;PINA_COLADAS;15015;12;15014;90;15012;52;15016;88;15017;90;15018;74;15015.5;0.0
1;300;PEARLS;9996;4;9995;104;;;10004;4;10005;104;;;10000.0;0.0
1;300;COCONUTS;8004;61;8003;556;8002;106;8005;205;8006;518;;;8004.5;0.0
1;400;PINA_COLADAS;15014;90;15012;146;15011;40;15015;82;15016;88;15017;90;15014.5;0.0
1;400;BANANAS;4870;78;4869;25;4868;28;4875;53;4876;32;4877;48;4872.5;0.0
1;400;PEARLS;9996;4;9995;129;;;10004;4;10005;129;;;10000.0;0.0
1;400;COCONUTS;8004;61;8003;556;8002;287;8005;386;8006;518;;;8004.5;0.0
1;500;BANANAS;4869;22;;;;;4876;22;;;;;4872.5;0.0
1;500;PINA_COLADAS;15008;107;;;;;15011;37;15012;70;;;15009.5;0.0
1;500;PEARLS;9995;22;;;;;10005;22;;;;;10000.0;0.0
1;500;COCONUTS;8001;196;;;;;8002;57;8004;196;;;8001.5;100.5625
1;600;BANANAS;4868;25;;;;;4875;25;;;;;4871.5;0.0
1;600;PEARLS;9995;25;;;;;10005;25;;;;;10000.0;0.0
1;600;COCONUTS;8000;199;;;;;8002;57;8003;142;;;8001.0;177.40625
1;600;PINA_COLADAS;15006;90;;;;;15009;90;;;;;15007.5;0.0
1;700;BANANAS;4868;23;;;;;4875;23;;;;;4871.5;0.0
1;700;PINA_COLADAS;15007;106;;;;;15010;106;;;;;15008.5;0.0
1;700;PEARLS;9995;23;;;;;9998;9;10005;23;;;9996.5;0.0
1;700;COCONUTS;8000;45;7999;116;;;8002;161;;;;;8001.0;185.5625
1;800;PINA_COLADAS;15009;31;15008;53;;;15011;31;15012;53;;;15010.0;0.0
1;800;PEARLS;9996;1;9995;27;;;10004;1;10005;27;;;10000.0;18.0
1;800;COCONUTS;7999;191;;;;;8000;50;8002;191;;;7999.5;206.28125
1;800;BANANAS;4873;3;4869;1;4868;27;4875;28;;;;;4874.0;0.0
1;900;BANANAS;4871;1;4868;21;;;4875;21;;;;;4873.0;0.0
1;900;PINA_COLADAS;15005;85;;;;;15008;25;15009;60;;;15006.5;0.0
1;900;PEARLS;9995;21;;;;;10005;21;;;;;10000.0;18.0
1;900;COCONUTS;7999;45;7998;130;;;8001;175;;;;;8000.0;245.0
1;1000;PEARLS;10002;2;9996;2;9995;28;10004;2;10005;28;;;10003.0;18.0
1;1000;COCONUTS;7999;201;;;;;8002;201;;;;;8000.5;207.03125
1;1000;BANANAS;4868;30;;;;;4875;30;;;;;4871.5;0.0
1;1000;PINA_COLADAS;15007;38;15006;51;;;15008;38;15009;38;15010;51;15007.5;0.0
1;1100;BANANAS;4868;30;;;;;4875;30;;;;;4871.5;0.0
1;1100;PEARLS;9996;2;9995;28;;;10004;2;10005;28;;;10000.0;22.0
1;1100;COCONUTS;7999;162;;;;;8002;162;;;;;8000.5;198.8125
1;1100;PINA_COLADAS;15004;38;15003;73;;;15006;38;15007;73;;;15005.0;0.0
1;1200;PINA_COLADAS;15003;92;;;;;15006;92;;;;;15004.5;0.0
1;1200;PEARLS;9996;1;9995;28;;;10004;1;10005;28;;;10000.0;22.0
1;1200;COCONUTS;8000;186;;;;;8003;186;;;;;8001.5;169.5625
1;1200;BANANAS;4868;28;;;;;4874;1;4875;28;;;4871.0;0.0
1;1300;BANANAS;4867;23;;;;;4872;7;4874;23;;;4869.5;0.0
1;1300;COCONUTS;7998;186;;;;;8001;186;;;;;7999.5;282.34375
1;1300;PEARLS;9995;23;;;;;9998;1;10002;7;10005;23;9996.5;22.0
1;1300;PINA_COLADAS;14998;109;;;;;15001;109;;;;;14999.5;0.0
1;1400;COCONUTS;7997;182;;;;;8000;182;;;;;7998.5;338.09375
1;1400;PEARLS;9996;2;9995;24;;;10002;4;10004;2;10005;24;9999.0;24.0
1;1400;BANANAS;4869;2;4868;24;;;4873;4;4875;26;;;4871.0;0.0
1;1400;PINA_COLADAS;14997;32;14996;59;;;14999;32;15000;59;;;14998.0;0.0
1;1500;BANANAS;4869;30;;;;;4873;7;4875;31;;;4871.0;0.0
1;1500;COCONUTS;7997;184;;;;;7999;73;8000;111;;;7998.0;358.8125
1;1500;PEARLS;9996;2;9995;29;;;10002;7;10004;2;10005;29;9999.0;24.0
1;1500;PINA_COLADAS;14997;98;;;;;15000;98;;;;;14998.5;0.0
1;1600;PINA_COLADAS;15000;66;14999;53;;;15002;29;15003;53;;;15001.0;0.0
1;1600;COCONUTS;7997;171;;;;;8000;171;;;;;7998.5;324.09375
1;1600;PEARLS;9996;1;9995;23;;;10004;1;10005;23;;;10000.0;24.0
1;1600;BANANAS;4869;1;4868;23;;;4875;24;;;;;4872.0;0.0
1;1700;BANANAS;4868;24;;;;;4875;24;;;;;4871.5;0.0
1;1700;COCONUTS;7999;46;7998;163;;;8000;42;8001;121;;;7999.5;304.15625
1;1700;PEARLS;9995;24;;;;;10005;24;;;;;10000.0;24.0
1;1700;PINA_COLADAS;14999;40;14998;70;;;15001;40;15002;70;;;15000.0;0.0
1;1800;COCONUTS;7997;163;;;;;8000;163;;;;;7998.5;352.4375
1;1800;PEARLS;9996;2;9995;28;;;10004;2;10005;28;;;10000.0;24.0
1;1800;BANANAS;4868;30;;;;;4874;30;;;;;4871.0;0.0
1;1800;PINA_COLADAS;14997;95;;;;;15000;95;;;;;14998.5;0.0
1;1900;BANANAS;4869;8;4868;26;;;4874;26;;;;;4871.5;0.0
1;1900;COCONUTS;7997;41;7996;218;;;7999;218;;;;;7998.0;395.03125
1;1900;PEARLS;9998;8;9996;2;9995;24;10004;2;10005;24;;;10001.0;24.0
1;1900;PINA_COLADAS;14998;37;14997;62;;;15000;37;15001;62;;;14999.0;0.0
1;2000;PINA_COLADAS;14999;29;14998;90;;;15001;90;;;;;15000.0;0.0
1;2000;COCONUTS;7997;177;;;;;7999;42;8000;135;;;7998.0;363.53125
1;2000;PEARLS;9995;22;;;;;10005;22;;;;;10000.0;24.0
1;2000;BANANAS;4868;22;;;;;4875;22;;;;;4871.5;0.0
1;2100;BANANAS;4871;6;4868;25;;;4875;25;;;;;4873.0;0.0
1;2100;COCONUTS;7998;51;7997;102;;;8000;153;;;;;7999.0;313.40625
1;2100;PEARLS;9995;25;;;;;10005;25;;;;;10000.0;24.0
1;2100;PINA_COLADAS;14999;89;;;;;15002;89;;;;;15000.5;0.0
1;2200;COCONUTS;7999;46;7998;107;;;8001;153;;;;;8000.0;250.03125
1;2200;PEARLS;9996;2;9995;29;;;10004;2;10005;29;;;10000.0;24.0
1;2200;BANANAS;4868;31;;;;;4875;31;;;;;4871.5;0.0
1;2200;PINA_COLADAS;14999;83;;;;;15002;83;;;;;15000.5;0.0
1;2300;PEARLS;9996;1;9995;20;;;10004;1;10005;20;;;10000.0;24.0
1;2300;BANANAS;4868;21;;;;;4869;2;4874;1;4875;20;4868.5;0.0
1;2300;COCONUTS;7998;164;;;;;8001;164;;;;;7999.5;259.125
1;2300;PINA_COLADAS;15001;25;15000;75;;;15003;25;15004;75;;;15002.0;0.0
1;2400;PINA_COLADAS;15002;96;;;;;15005;96;;;;;15003.5;0.0
1;2400;COCONUTS;7999;178;;;;;8001;45;8002;133;;;8000.0;232.5
1;2400;PEARLS;10002;1;9996;1;9995;25;10004;1;10005;25;;;10003.0;24.0
1;2400;BANANAS;4873;1;4868;26;;;4874;1;4875;25;;;4873.5;4.171875
1;2500;PEARLS;9995;27;;;;;10005;27;;;;;10000.0;26.0
1;2500;BANANAS;4867;27;;;;;4874;27;;;;;4870.5;5.91748046875
1;2500;PINA_COLADAS;15000;29;14999;58;;;15003;87;;;;;15001.5;0.0
1;2500;COCONUTS;7998;75;7997;124;;;8000;199;;;;;7999.0;311.25
1;2600;COCONUTS;7999;41;7998;130;;;8001;171;;;;;8000.0;248.75
1;2600;PEARLS;9996;1;9995;20;;;10004;1;10005;20;;;10000.0;26.0
1;2600;BANANAS;4867;21;;;;;4874;21;;;;;4870.5;5.53466796875
1;2600;PINA_COLADAS;15001;97;;;;;15004;97;;;;;15002.5;0.0
1;2700;PEARLS;9996;2;9995;29;;;10004;2;10005;29;;;10000.0;26.0
1;2700;BANANAS;4872;1;4867;31;;;4874;31;;;;;4873.0;5.39501953125
1;2700;PINA_COLADAS;15000;106;;;;;15003;106;;;;;15001.5;0.0
1;2700;COCONUTS;7998;179;;;;;8001;179;;;;;7999.5;265.25
1;2800;PINA_COLADAS;15004;21;15003;73;;;15006;21;15007;73;;;15005.0;0.0
1;2800;COCONUTS;8000;215;;;;;8003;215;;;;;8001.5;169.46875
1;2800;PEARLS;9995;22;;;;;10005;22;;;;;10000.0;26.0
1;2800;BANANAS;4868;22;;;;;4875;22;;;;;4871.5;6.1337890625
1;2900;PEARLS;9996;1;9995;21;;;10002;6;10004;1;10005;21;9999.0;26.0
1;2900;BANANAS;4869;1;4868;21;;;4873;6;4875;22;;;4871.0;6.76806640625
1;2900;PINA_COLADAS;15006;30;15005;73;;;15008;30;15009;73;;;15007.0;0.0
1;2900;COCONUTS;8000;190;;;;;8003;190;;;;;8001.5;139.875
1;3000;COCONUTS;8000;215;;;;;8003;215;;;;;8001.5;137.25
1;3000;BANANAS;4869;28;;;;;4876;28;;;;;4872.5;7.3369140625
1;3000;PEARLS;9996;1;9995;27;;;10004;1;10005;27;;;10000.0;26.0
1;3000;PINA_COLADAS;15008;104;;;;;15011;104;;;;;15009.5;0.0
1;3100;BANANAS;4869;25;;;;;4876;25;;;;;4872.5;7.19091796875
1;3100;PEARLS;9995;25;;;;;10005;25;;;;;10000.0;26.0
1;3100;PINA_COLADAS;15008;20;15007;75;;;15011;95;;;;;15009.5;0.0
1;3100;COCONUTS;8000;187;;;;;8003;187;;;;;8001.5;153.625
1;3200;PINA_COLADAS;15009;22;15008;39;15007;68;15010;39;15011;68;;;15009.5;0.0
1;3200;COCONUTS;8001;60;8000;146;;;8003;206;;;;;8002.0;129.625
1;3200;BANANAS;4869;29;;;;;4876;29;;;;;4872.5;7.41796875
1;3200;PEARLS;9996;1;9995;28;;;10004;1;10005;28;;;10000.0;26.0
1;3300;BANANAS;4869;5;4868;26;;;4875;28;;;;;4872.0;6.869140625
1;3300;PEARLS;9998;3;9996;2;9995;26;10004;2;10005;26;;;10001.0;26.0
1;3300;COCONUTS;8000;217;;;;;8003;217;;;;;8001.5;146.1875
1;3300;PINA_COLADAS;15007;98;;;;;15010;98;;;;;15008.5;0.0
1;3400;COCONUTS;8000;200;;;;;8003;200;;;;;8001.5;139.59375
1;3400;PEARLS;10000;2;9996;1;9995;25;10004;1;10005;25;;;10002.0;26.0
1;3400;BANANAS;4869;26;;;;;4876;26;;;;;4872.5;7.57568359375
1;3400;PINA_COLADAS;15007;22;15006;74;;;15010;96;;;;;15008.5;0.0
1;3500;PEARLS;9996;2;9995;21;;;10004;2;10005;21;;;10000.0;26.0
1;3500;BANANAS;4873;4;4869;23;;;4876;23;;;;;4874.5;7.3720703125
1;3500;COCONUTS;7999;143;;;;;8002;143;;;;;8000.5;210.09375
1;3500;PINA_COLADAS;15007;99;;;;;15010;99;;;;;15008.5;0.0
1;3600;PINA_COLADAS;15008;30;15007;62;;;15010;30;15011;62;;;15009.0;0.0
1;3600;PEARLS;10000;3;9995;30;;;10002;5;10005;30;;;10001.0;26.0
1;3600;BANANAS;4869;30;;;;;4874;5;4876;30;;;4871.5;7.14306640625
1;3600;COCONUTS;8001;43;8000;227;;;8002;77;8003;150;;;8001.5;178.53125
1;3700;PEARLS;9998;6;9996;1;9995;24;10004;1;10005;24;;;10001.0;26.0
1;3700;BANANAS;4870;6;4869;25;;;4876;25;;;;;4873.0;7.53857421875
1;3700;COCONUTS;7999;207;;;;;8002;207;;;;;8000.5;203.625
1;3700;PINA_COLADAS;15008;97;;;;;15011;97;;;;;15009.5;0.0
1;3800;PEARLS;9996;1;9995;29;;;10004;1;10005;29;;;10000.0;26.0
1;3800;BANANAS;4870;1;4869;29;;;4876;30;;;;;4873.0;7.73388671875
1;3800;COCONUTS;7998;161;;;;;8001;161;;;;;7999.5;259.6875
1;3800;PINA_COLADAS;15005;80;;;;;15006;33;15008;80;;;15005.5;0.0
1;3900;PEARLS;10002;4;9996;2;9995;26;10004;2;10005;26;;;10003.0;26.0
1;3900;BANANAS;4870;28;;;;;4876;28;;;;;4873.0;8.052734375
1;3900;COCONUTS;7998;197;;;;;8001;197;;;;;7999.5;288.65625
1;3900;PINA_COLADAS;15005;22;15004;54;;;15008;76;;;;;15006.5;0.0
1;4000;PINA_COLADAS;15004;88;;;;;15007;88;;;;;15005.5;0.0
1;4000;PEARLS;9996;2;9995;30;;;10004;2;10005;30;;;10000.0;34.0
1;4000;BANANAS;4870;32;;;;;4877;32;;;;;4873.5;8.4716796875
1;4000;COCONUTS;7998;73;7997;165;;;8000;165;;;;;7999.0;323.0625
1;4100;PEARLS;9996;1;9995;25;;;10002;4;10004;1;10005;25;9999.0;34.0
1;4100;BANANAS;4870;26;;;;;4875;4;4877;26;;;4872.5;8.42333984375
1;4100;COCONUTS;7998;181;;;;;8000;78;8001;103;;;7999.0;301.15625
1;4100;PINA_COLADAS;15005;20;15004;57;;;15007;20;15008;57;;;15006.0;0.0
1;4200;PEARLS;9996;2;9995;26;;;9998;5;10004;2;10005;26;9997.0;34.0
1;4200;BANANAS;4870;28;;;;;4876;2;4877;26;;;4873.0;8.2080078125
1;4200;COCONUTS;7997;180;;;;;8000;180;;;;;7998.5;339.03125
1;4200;PINA_COLADAS;15004;24;15003;63;;;15007;87;;;;;15005.5;0.0
1;4300;PEARLS;9996;1;9995;24;;;10000;5;10004;1;10005;24;9998.0;44.0
1;4300;BANANAS;4869;25;;;;;4876;25;;;;;4872.5;7.67529296875
1;4300;COCONUTS;7998;46;7997;129;;;8000;175;;;;;7999.0;312.5
1;4300;PINA_COLADAS;15007;92;;;;;15010;92;;;;;15008.5;0.0
1;4400;PEARLS;9995;22;;;;;10005;22;;;;;10000.0;44.0
1;4400;BANANAS;4870;22;;;;;4877;22;;;;;4873.5;8.40478515625
1;4400;COCONUTS;7998;194;;;;;8000;80;8001;114;;;7999.0;300.875
1;4400;PINA_COLADAS;15007;83;;;;;15010;83;;;;;15008.5;0.0
1;4500;BANANAS;4871;26;;;;;4877;26;;;;;4874.0;9.05615234375
1;4500;COCONUTS;7997;146;;;;;7999;43;8000;103;;;7998.0;356.59375
1;4500;PEARLS;9995;26;;;;;10005;26;;;;;10000.0;44.0
1;4500;PINA_COLADAS;15005;88;;;;;15008;88;;;;;15006.5;0.0
1;4600;BANANAS;4876;1;4871;1;4870;21;4877;22;;;;;4876.5;8.7705078125
1;4600;PINA_COLADAS;15005;39;15004;62;;;15007;39;15008;62;;;15006.0;0.0
1;4600;PEARLS;9996;1;9995;21;;;10004;1;10005;21;;;10000.0;44.0
1;4600;COCONUTS;7996;184;;;;;7998;59;7999;125;;;7997.0;425.0625
1;4700;PINA_COLADAS;15007;33;15006;68;;;15009;33;15010;68;;;15008.0;0.0
1;4700;BANANAS;4871;27;;;;;4878;27;;;;;4874.5;11.0
1;4700;PEARLS;9995;27;;;;;10005;27;;;;;10000.0;44.0
1;4700;COCONUTS;7996;203;;;;;7999;203;;;;;7997.5;399.15625
1;4800;BANANAS;4871;29;;;;;4877;29;;;;;4874.0;11.0
1;4800;PINA_COLADAS;15004;35;15003;71;;;15006;35;15007;71;;;15005.0;0.0
1;4800;PEARLS;9996;1;9995;28;;;10004;1;10005;28;;;10000.0;44.0
1;4800;COCONUTS;7994;189;;;;;7997;189;;;;;7995.5;536.4375
1;4900;BANANAS;4872;7;4871;29;;;4878;29;;;;;4875.0;11.0
1;4900;PEARLS;9998;7;9996;2;9995;27;10004;2;10005;27;;;10001.0;44.0
1;4900;COCONUTS;7994;180;;;;;7996;43;7997;137;;;7995.0;544.8125
1;4900;PINA_COLADAS;15004;23;15003;53;;;15006;23;15007;53;;;15005.0;0.0
1;5000;BANANAS;4872;2;4871;29;;;4874;3;4878;31;;;4873.0;11.0
1;5000;PINA_COLADAS;15002;95;;;;;15005;95;;;;;15003.5;0.0
1;5000;PEARLS;9996;2;9995;29;;;10004;2;10005;29;;;10000.0;44.0
1;5000;COCONUTS;7995;188;;;;;7997;42;7998;146;;;7996.0;484.28125
1;5100;PINA_COLADAS;15003;32;15002;60;;;15005;32;15006;60;;;15004.0;0.0
1;5100;BANANAS;4871;25;;;;;4878;25;;;;;4874.5;11.0
1;5100;PEARLS;9996;1;9995;24;;;10004;1;10005;24;;;10000.0;44.0
1;5100;COCONUTS;7995;193;;;;;7998;193;;;;;7996.5;467.21875
1;5200;BANANAS;4872;7;4871;29;;;4878;30;;;;;4875.0;11.0
1;5200;PINA_COLADAS;15001;97;;;;;15004;97;;;;;15002.5;0.0
1;5200;PEARLS;9998;6;9996;1;9995;29;10004;1;10005;29;;;10001.0;44.0
1;5200;COCONUTS;7994;154;;;;;7996;42;7997;112;;;7995.0;544.96875
1;5300;PEARLS;9996;1;9995;21;;;10004;1;10005;21;;;10000.0;44.0
1;5300;COCONUTS;7993;183;;;;;7994;68;7996;183;;;7993.5;575.21875
1;5300;PINA_COLADAS;15000;38;14999;58;;;15002;38;15003;58;;;15001.0;0.0
1;5300;BANANAS;4877;1;4872;22;;;4878;1;4879;21;;;4877.5;11.0
1;5400;PINA_COLADAS;15003;36;15002;56;;;15005;36;15006;56;;;15004.0;0.0
1;5400;PEARLS;9998;9;9996;2;9995;20;10004;2;10005;20;;;10001.0;44.0
1;5400;COCONUTS;7994;154;;;;;7997;154;;;;;7995.5;500.375
1;5400;BANANAS;4873;9;4872;22;;;4878;2;4879;20;;;4875.5;14.763671875
1;5500;PINA_COLADAS;15003;79;;;;;15006;79;;;;;15004.5;0.0
1;5500;BANANAS;4875;6;4872;29;;;4879;29;;;;;4877.0;13.5263671875
1;5500;PEARLS;9996;1;9995;28;;;10004;1;10005;28;;;10000.0;44.0
1;5500;COCONUTS;7995;188;;;;;7998;188;;;;;7996.5;440.28125
1;5600;BANANAS;4872;21;;;;;4877;6;4879;21;;;4874.5;13.677734375
1;5600;PEARLS;9995;21;;;;;10002;6;10005;21;;;9998.5;44.0
1;5600;COCONUTS;7996;170;;;;;7999;170;;;;;7997.5;386.125
1;5600;PINA_COLADAS;15003;86;;;;;15006;86;;;;;15004.5;0.0
1;5700;COCONUTS;7996;64;7995;108;;;7998;172;;;;;7997.0;432.3125
1;5700;PEARLS;9996;1;9995;29;;;10004;1;10005;29;;;10000.0;44.0
1;5700;PINA_COLADAS;15001;24;15000;56;;;15004;80;;;;;15002.5;0.0
1;5700;BANANAS;4873;1;4872;29;;;4879;30;;;;;4876.0;12.345703125
1;5800;COCONUTS;7995;71;7994;150;;;7997;150;;;;;7996.0;507.375
1;5800;PEARLS;9996;2;9995;28;;;10002;5;10004;2;10005;28;9999.0;44.0
1;5800;PINA_COLADAS;14998;24;14997;73;;;15000;24;15001;73;;;14999.0;0.0
1;5800;BANANAS;4872;30;;;;;4874;1;4877;5;4879;30;4873.0;13.41015625
1;5900;PINA_COLADAS;14998;77;;;;;15001;77;;;;;14999.5;0.0
1;5900;BANANAS;4872;31;;;;;4878;2;4879;29;;;4875.0;14.185546875
1;5900;COCONUTS;7994;188;;;;;7996;72;7997;116;;;7995.0;547.875
1;5900;PEARLS;9996;2;9995;29;;;10004;2;10005;29;;;10000.0;44.0
1;6000;BANANAS;4873;7;4872;32;;;4879;32;;;;;4876.0;13.416015625
1;6000;COCONUTS;7994;161;;;;;7997;161;;;;;7995.5;518.5625
1;6000;PEARLS;9998;7;9996;2;9995;30;10004;2;10005;30;;;10001.0;44.0
1;6000;PINA_COLADAS;15001;103;;;;;15004;103;;;;;15002.5;0.0
1;6100;COCONUTS;7995;171;;;;;7997;59;7998;112;;;7996.0;485.125
1;6100;PEARLS;10002;11;9996;1;9995;28;10004;1;10005;28;;;10003.0;44.0
1;6100;PINA_COLADAS;15001;91;;;;;15004;91;;;;;15002.5;0.0
1;6100;BANANAS;4873;1;4872;28;;;4879;29;;;;;4876.0;12.41015625
1;6200;COCONUTS;7997;222;;;;;8000;222;;;;;7998.5;351.59375
1;6200;PEARLS;9996;1;9995;20;;;10004;1;10005;20;;;10000.0;66.0
1;6200;PINA_COLADAS;15003;96;;;;;15006;96;;;;;15004.5;0.0
1;6200;BANANAS;4873;21;;;;;4879;1;4880;20;;;4876.0;11.380859375
1;6300;PINA_COLADAS;15005;88;;;;;15008;32;15009;56;;;15006.5;0.0
1;6300;BANANAS;4873;22;;;;;4874;5;4879;22;;;4873.5;12.0078125
1;6300;COCONUTS;7996;185;;;;;7999;185;;;;;7997.5;398.125
1;6300;PEARLS;9995;22;;;;;10005;22;;;;;10000.0;66.0
1;6400;BANANAS;4873;25;;;;;4874;2;4879;2;4880;23;4873.5;24.3662109375
1;6400;COCONUTS;7997;190;;;;;8000;190;;;;;7998.5;347.90625
1;6400;PEARLS;9996;2;9995;23;;;9998;1;10004;2;10005;23;9997.0;66.0
1;6400;PINA_COLADAS;15009;23;15008;65;;;15011;23;15012;65;;;15010.0;0.0
1;6500;COCONUTS;7996;171;;;;;7999;171;;;;;7997.5;381.125
1;6500;PEARLS;9996;2;9995;24;;;10004;2;10005;24;;;10000.0;68.0
1;6500;PINA_COLADAS;15004;102;;;;;15007;102;;;;;15005.5;0.0
1;6500;BANANAS;4873;2;4872;24;;;4875;2;4879;26;;;4874.0;27.208984375
1;6600;COCONUTS;7994;209;;;;;7997;209;;;;;7995.5;504.59375
1;6600;PEARLS;9998;6;9995;25;;;10005;25;;;;;10001.5;68.0
1;6600;PINA_COLADAS;14999;93;;;;;15002;93;;;;;15000.5;0.0
1;6600;BANANAS;4874;6;4873;25;;;4880;25;;;;;4877.0;28.8125
1;6700;PINA_COLADAS;15001;20;15000;59;;;15003;20;15004;59;;;15002.0;0.0
1;6700;PEARLS;9996;1;9995;29;;;9998;5;10004;1;10005;29;9997.0;68.0
1;6700;BANANAS;4873;30;;;;;4876;4;4879;1;4880;29;4874.5;29.111328125
1;6700;COCONUTS;7994;186;;;;;7997;186;;;;;7995.5;510.125
1;6800;PEARLS;9996;1;9995;30;;;10002;1;10004;1;10005;30;9999.0;78.0
1;6800;BANANAS;4873;31;;;;;4877;1;4879;31;;;4875.0;23.0
1;6800;PINA_COLADAS;15000;91;;;;;15003;40;15004;51;;;15001.5;0.0
1;6800;COCONUTS;7995;193;;;;;7997;51;7998;142;;;7996.0;487.375
1;6900;COCONUTS;7994;148;;;;;7997;148;;;;;7995.5;536.53125
1;6900;PINA_COLADAS;14999;89;;;;;15002;37;15003;52;;;15000.5;0.0
1;6900;PEARLS;9996;2;9995;22;;;10002;2;10004;2;10005;22;9999.0;78.0
1;6900;BANANAS;4873;2;4872;22;;;4877;2;4879;24;;;4875.0;23.0
1;7000;PINA_COLADAS;15003;40;15002;58;;;15005;40;15006;58;;;15004.0;0.0
1;7000;COCONUTS;7995;196;;;;;7998;196;;;;;7996.5;470.59375
1;7000;PEARLS;9996;1;9995;22;;;10004;1;10005;22;;;10000.0;78.0
1;7000;BANANAS;4873;23;;;;;4879;23;;;;;4876.0;23.0
1;7100;PINA_COLADAS;15005;31;15004;67;;;15008;98;;;;;15006.5;0.0
1;7100;PEARLS;9996;2;9995;25;;;10004;2;10005;25;;;10000.0;78.0
1;7100;BANANAS;4872;27;;;;;4875;4;4878;2;4879;25;4873.5;23.0
1;7100;COCONUTS;7996;25;7995;124;;;7998;189;;;;;7997.0;427.71875
1;7200;PEARLS;9995;20;;;;;10005;20;;;;;10000.0;78.0
1;7200;BANANAS;4872;20;;;;;4878;20;;;;;4875.0;23.0
1;7200;PINA_COLADAS;15001;34;15000;75;;;15003;34;15004;75;;;15002.0;0.0
1;7200;COCONUTS;7995;198;;;;;7998;198;;;;;7996.5;475.25
1;7300;COCONUTS;7995;71;7994;111;;;7997;182;;;;;7996.0;490.875
1;7300;PINA_COLADAS;15001;29;15000;65;;;15004;94;;;;;15002.5;0.0
1;7300;PEARLS;9996;1;9995;21;;;10004;1;10005;21;;;10000.0;78.0
1;7300;BANANAS;4872;22;;;;;4879;22;;;;;4875.5;23.0
1;7400;PINA_COLADAS;15001;39;15000;67;;;15003;39;15004;67;;;15002.0;0.0
1;7400;COCONUTS;7994;185;;;;;7997;185;;;;;7995.5;522.5625
1;7400;BANANAS;4871;28;;;;;4872;1;4878;28;;;4871.5;23.0
1;7400;PEARLS;9996;2;9995;26;;;10004;2;10005;26;;;10000.0;78.0
1;7500;PINA_COLADAS;15000;37;14999;63;;;15002;37;15003;63;;;15001.0;0.0
1;7500;BANANAS;4871;21;;;;;4878;21;;;;;4874.5;25.7421875
1;7500;PEARLS;9995;21;;;;;10005;21;;;;;10000.0;78.0
1;7500;COCONUTS;7993;169;;;;;7996;169;;;;;7994.5;584.78125
1;7600;BANANAS;4873;2;4872;31;;;4878;31;;;;;4875.5;26.0126953125
1;7600;PEARLS;9998;2;9996;1;9995;30;10004;1;10005;30;;;10001.0;78.0
1;7600;PINA_COLADAS;14998;97;;;;;15001;97;;;;;14999.5;0.0
1;7600;COCONUTS;7993;149;;;;;7994;17;7996;208;;;7993.5;554.1875
1;7700;COCONUTS;7994;44;7993;134;;;7996;178;;;;;7995.0;550.5625
1;7700;PINA_COLADAS;14997;107;;;;;15000;107;;;;;14998.5;0.0
1;7700;BANANAS;4871;25;;;;;4876;3;4878;25;;;4873.5;25.32275390625
1;7700;PEARLS;9995;25;;;;;9998;1;10002;3;10005;25;9996.5;78.0
1;7800;COCONUTS;7994;70;7993;106;;;7996;176;;;;;7995.0;556.1875
1;7800;PINA_COLADAS;15000;25;14999;61;;;15002;25;15003;61;;;15001.0;0.0
1;7800;PEARLS;9995;22;;;;;10002;1;10005;22;;;9998.5;80.0
1;7800;BANANAS;4873;1;4870;22;;;4875;2;4877;22;;;4874.0;24.849609375
1;7900;PINA_COLADAS;14997;34;14996;55;;;14999;34;15000;55;;;14998.0;0.0
1;7900;PEARLS;9996;1;9995;23;;;10004;1;10005;23;;;10000.0;80.0
1;7900;BANANAS;4870;24;;;;;4876;1;4877;23;;;4873.0;24.2763671875
1;7900;COCONUTS;7993;166;;;;;7996;166;;;;;7994.5;573.71875
1;8000;PEARLS;9995;22;;;;;10002;8;10005;22;;;9998.5;80.0
1;8000;BANANAS;4869;22;;;;;4874;8;4876;22;;;4871.5;23.7119140625
1;8000;COCONUTS;7994;175;;;;;7996;49;7997;126;;;7995.0;538.375
1;8000;PINA_COLADAS;14996;97;;;;;14999;97;;;;;14997.5;0.0
1;8100;PINA_COLADAS;14991;88;;;;;14994;37;14995;51;;;14992.5;0.0
1;8100;PEARLS;9996;1;9995;30;;;10004;1;10005;30;;;10000.0;80.0
1;8100;BANANAS;4869;31;;;;;4876;31;;;;;4872.5;23.5791015625
1;8100;COCONUTS;7993;192;;;;;7994;40;7995;76;7996;116;7993.5;607.9375
1;8200;PINA_COLADAS;14989;100;;;;;14992;100;;;;;14990.5;0.0
1;8200;PEARLS;9995;24;;;;;10005;24;;;;;10000.0;80.0
1;8200;BANANAS;4873;5;4868;24;;;4875;24;;;;;4874.0;22.755859375
1;8200;COCONUTS;7992;149;;;;;7995;149;;;;;7993.5;649.125
1;8300;PINA_COLADAS;14987;80;;;;;14990;80;;;;;14988.5;0.0
1;8300;PEARLS;9996;1;9995;23;;;10004;1;10005;23;;;10000.0;80.0
1;8300;BANANAS;4869;24;;;;;4875;24;;;;;4872.0;22.95166015625
1;8300;COCONUTS;7992;105;7991;131;;;7994;193;;;;;7993.0;682.125
1;8400;PEARLS;9996;1;9995;23;;;10004;1;10005;23;;;10000.0;80.0
1;8400;BANANAS;4869;24;;;;;4875;24;;;;;4872.0;22.9697265625
1;8400;COCONUTS;7990;201;;;;;7993;201;;;;;7991.5;776.78125
1;8400;PINA_COLADAS;14983;23;14982;74;;;14985;23;14986;74;;;14984.0;0.0
1;8500;PINA_COLADAS;14980;107;;;;;14983;107;;;;;14981.5;0.0
1;8500;PEARLS;9995;21;;;;;10005;21;;;;;10000.0;80.0
1;8500;BANANAS;4869;21;;;;;4876;21;;;;;4872.5;23.10546875
1;8500;COCONUTS;7990;44;7989;209;;;7992;209;;;;;7991.0;810.78125
1;8600;PINA_COLADAS;14982;26;14981;64;;;14984;26;14985;64;;;14983.0;0.0
1;8600;PEARLS;9996;1;9995;24;;;10004;1;10005;24;;;10000.0;80.0
1;8600;BANANAS;4869;1;4868;24;;;4875;25;;;;;4872.0;22.80224609375
1;8600;COCONUTS;7990;68;7989;101;;;7992;169;;;;;7991.0;793.5
1;8700;PINA_COLADAS;14984;99;;;;;14987;99;;;;;14985.5;0.0
1;8700;PEARLS;9995;30;;;;;10005;30;;;;;10000.0;80.0
1;8700;BANANAS;4868;30;;;;;4875;30;;;;;4871.5;22.29541015625
1;8700;COCONUTS;7990;181;;;;;7993;181;;;;;7991.5;750.75
1;8800;PEARLS;9998;1;9996;2;9995;22;10004;2;10005;22;;;10001.0;80.0
1;8800;BANANAS;4869;1;4868;24;;;4875;24;;;;;4872.0;22.341796875
1;8800;COCONUTS;7990;40;7989;117;;;7992;157;;;;;7991.0;803.84375
1;8800;PINA_COLADAS;14982;80;;;;;14983;20;14985;80;;;14982.5;0.0
1;8900;BANANAS;4868;29;;;;;4874;2;4875;27;;;4871.0;22.20703125
1;8900;COCONUTS;7992;213;;;;;7994;73;7995;140;;;7993.0;668.90625
1;8900;PINA_COLADAS;14984;105;;;;;14987;105;;;;;14985.5;0.0
1;8900;PEARLS;9996;2;9995;27;;;10004;2;10005;27;;;10000.0;80.0
1;9000;PINA_COLADAS;14983;59;;;;;14984;5;14986;27;14987;59;14983.5;0.0
1;9000;BANANAS;4868;20;;;;;4875;20;;;;;4871.5;22.17333984375
1;9000;PEARLS;9995;20;;;;;10005;20;;;;;10000.0;80.0
1;9000;COCONUTS;7992;158;;;;;7995;158;;;;;7993.5;627.375
1;9100;BANANAS;4868;3;4867;26;;;4874;26;;;;;4871.0;21.6474609375
1;9100;PINA_COLADAS;14981;97;;;;;14984;97;;;;;14982.5;0.0
1;9100;PEARLS;9998;3;9996;1;9995;25;10004;1;10005;25;;;10001.0;80.0
1;9100;COCONUTS;7991;221;;;;;7994;221;;;;;7992.5;712.1875
1;9200;BANANAS;4868;2;4867;21;;;4874;21;;;;;4871.0;21.357421875
1;9200;PEARLS;9998;2;9995;21;;;10005;21;;;;;10001.5;80.0
1;9200;COCONUTS;7991;201;;;;;7994;201;;;;;7992.5;698.09375
1;9200;PINA_COLADAS;14981;36;14980;65;;;14984;101;;;;;14982.5;0.0
1;9300;BANANAS;4872;1;4867;25;;;4873;25;;;;;4872.5;21.02197265625
1;9300;PINA_COLADAS;14981;22;14980;59;;;14984;81;;;;;14982.5;0.0
1;9300;PEARLS;9996;2;9995;23;;;10004;2;10005;23;;;10000.0;80.0
1;9300;COCONUTS;7990;187;;;;;7993;187;;;;;7991.5;745.375
1;9400;PINA_COLADAS;14979;22;14978;95;;;14981;95;;;;;14980.0;0.0
1;9400;BANANAS;4866;30;;;;;4867;1;4873;30;;;4866.5;23.0
1;9400;PEARLS;9995;30;;;;;10005;30;;;;;10000.0;80.0
1;9400;COCONUTS;7989;192;;;;;7992;192;;;;;7990.5;824.96875
1;9500;BANANAS;4866;28;;;;;4873;28;;;;;4869.5;25.59912109375
1;9500;PINA_COLADAS;14980;92;;;;;14983;92;;;;;14981.5;0.0
1;9500;PEARLS;9996;1;9995;27;;;10004;1;10005;27;;;10000.0;80.0
1;9500;COCONUTS;7990;76;7989;123;;;7992;199;;;;;7991.0;797.25
1;9600;BANANAS;4871;1;4867;6;4866;32;4873;32;;;;;4872.0;49.8671875
1;9600;PEARLS;9998;6;9996;2;9995;30;10004;2;10005;30;;;10001.0;80.0
1;9600;COCONUTS;7990;173;;;;;7992;52;7993;121;;;7991.0;783.09375
1;9600;PINA_COLADAS;14978;92;;;;;14981;92;;;;;14979.5;0.0
1;9700;BANANAS;4866;27;;;;;4873;27;;;;;4869.5;49.64453125
1;9700;PINA_COLADAS;14982;25;14981;77;;;14984;77;;;;;14983.0;0.0
1;9700;PEARLS;9996;1;9995;26;;;10004;1;10005;26;;;10000.0;80.0
1;9700;COCONUTS;7990;205;;;;;7993;205;;;;;7991.5;749.78125
1;9800;PINA_COLADAS;14979;83;;;;;14982;83;;;;;14980.5;0.0
1;9800;PEARLS;9996;1;9995;29;;;9998;1;10002;8;10004;1;9997.0;80.0
1;9800;COCONUTS;7990;166;;;;;7992;65;7993;101;;;7991.0;792.4375
1;9800;BANANAS;4866;30;;;;;4871;8;4873;30;;;4868.5;48.77734375
1;9900;BANANAS;4871;1;4867;2;4866;31;4872;2;4873;29;;;4871.5;47.51953125
1;9900;PINA_COLADAS;14982;23;14981;77;;;14984;20;14985;57;;;14983.0;0.0
1;9900;PEARLS;9998;2;9996;2;9995;29;10000;6;10004;2;10005;29;9999.0;82.0
1;9900;COCONUTS;7991;195;;;;;7994;195;;;;;7992.5;692.90625
1;10000;PEARLS;9995;23;;;;;10002;1;10005;23;;;9998.5;82.0
1;10000;COCONUTS;7991;196;;;;;7994;196;;;;;7992.5;694.21875
1;10000;BANANAS;4866;23;;;;;4871;1;4873;23;;;4868.5;52.390625
1;10000;PINA_COLADAS;14980;87;;;;;14983;87;;;;;14981.5;0.0
1;10100;BANANAS;4866;22;;;;;4873;22;;;;;4869.5;57.4140625
1;10100;PEARLS;9995;22;;;;;10005;22;;;;;10000.0;82.0
1;10100;COCONUTS;7992;17;7991;126;;;7994;203;;;;;7993.0;675.96875
1;10100;PINA_COLADAS;14983;91;;;;;14986;91;;;;;14984.5;0.0
1;10200;PINA_COLADAS;14983;33;14982;98;;;14985;98;;;;;14984.0;0.0
1;10200;COCONUTS;7991;145;;;;;7994;145;;;;;7992.5;717.0
1;10200;PEARLS;9996;2;9995;23;;;10002;1;10004;2;10005;23;9999.0;82.0
1;10200;BANANAS;4866;23;;;;;4867;6;4871;1;4873;25;4866.5;61.953125
1;10300;BANANAS;4867;21;;;;;4873;21;;;;;4870.0;80.2734375
1;10300;COCONUTS;7991;183;;;;;7994;183;;;;;7992.5;699.71875
1;10300;PEARLS;9995;21;;;;;10005;21;;;;;10000.0;82.0
1;10300;PINA_COLADAS;14984;32;14983;53;;;14987;85;;;;;14985.5;0.0
1;10400;COCONUTS;7991;212;;;;;7994;212;;;;;7992.5;683.625
1;10400;PEARLS;9995;21;;;;;10005;21;;;;;10000.0;82.0
1;10400;BANANAS;4866;21;;;;;4873;21;;;;;4869.5;77.6484375
1;10400;PINA_COLADAS;14985;78;;;;;14988;78;;;;;14986.5;0.0
1;10500;BANANAS;4866;29;;;;;4871;2;4873;29;;;4868.5;78.265625
1;10500;COCONUTS;7991;163;;;;;7994;163;;;;;7992.5;699.8125
1;10500;PEARLS;9995;29;;;;;10002;1;10005;29;;;9998.5;82.0
1;10500;PINA_COLADAS;14988;84;;;;;14991;84;;;;;14989.5;0.0
1;10600;PINA_COLADAS;14991;76;;;;;14992;33;14994;76;;;14991.5;0.0
1;10600;COCONUTS;7993;77;7992;158;;;7995;158;;;;;7994.0;631.40625
1;10600;PEARLS;10000;4;9996;1;9995;26;10002;4;10004;1;10005;26;10001.0;82.0
1;10600;BANANAS;4867;27;;;;;4871;3;4873;27;;;4869.0;79.984375
1;10700;BANANAS;4867;1;4866;21;;;4873;22;;;;;4870.0;79.4609375
1;10700;COCONUTS;7992;190;;;;;7995;190;;;;;7993.5;631.78125
1;10700;PEARLS;9996;1;9995;21;;;10004;1;10005;21;;;10000.0;82.0
1;10700;PINA_COLADAS;14992;96;;;;;14995;96;;;;;14993.5;0.0
1;10800;COCONUTS;7992;169;;;;;7994;64;7995;105;;;7993.0;664.5625
1;10800;PEARLS;9996;2;9995;23;;;10004;2;10005;23;;;10000.0;82.0
1;10800;BANANAS;4872;1;4867;2;4866;23;4873;25;;;;;4872.5;76.640625
1;10800;PINA_COLADAS;14990;85;;;;;14993;34;14994;51;;;14991.5;0.0
1;10900;BANANAS;4867;10;4866;32;;;4873;32;;;;;4870.0;74.3359375
1;10900;COCONUTS;7991;188;;;;;7994;188;;;;;7992.5;708.9375
1;10900;PEARLS;9998;10;9996;2;9995;30;10004;2;10005;30;;;10001.0;82.0
1;10900;PINA_COLADAS;14990;83;;;;;14993;83;;;;;14991.5;0.0
1;11000;PINA_COLADAS;14988;96;;;;;14991;96;;;;;14989.5;0.0
1;11000;COCONUTS;7990;169;;;;;7992;44;7993;125;;;7991.0;790.1875
1;11000;PEARLS;9996;1;9995;24;;;10004;1;10005;24;;;10000.0;82.0
1;11000;BANANAS;4866;25;;;;;4873;25;;;;;4869.5;75.2578125
1;11100;BANANAS;4866;27;;;;;4873;27;;;;;4869.5;73.4296875
1;11100;COCONUTS;7990;45;7989;143;;;7992;188;;;;;7991.0;802.6875
1;11100;PINA_COLADAS;14988;85;;;;;14991;20;14992;65;;;14989.5;0.0
1;11100;PEARLS;9996;2;9995;25;;;10004;2;10005;25;;;10000.0;82.0
1;11200;COCONUTS;7990;69;7989;100;;;7992;169;;;;;7991.0;795.125
1;11200;PEARLS;9996;1;9995;26;;;10004;1;10005;26;;;10000.0;82.0
1;11200;BANANAS;4867;27;;;;;4874;27;;;;;4870.5;90.65625
1;11200;PINA_COLADAS;14989;95;;;;;14992;95;;;;;14990.5;0.0
1;11300;PEARLS;9995;29;;;;;9998;1;10005;29;;;9996.5;82.0
1;11300;BANANAS;4867;29;;;;;4874;29;;;;;4870.5;88.703125
1;11300;PINA_COLADAS;14984;104;;;;;14987;104;;;;;14985.5;0.0
1;11300;COCONUTS;7988;43;7987;113;;;7990;156;;;;;7989.0;922.78125
1;11400;PINA_COLADAS;14983;100;;;;;14986;100;;;;;14984.5;0.0
1;11400;COCONUTS;7987;172;;;;;7990;172;;;;;7988.5;956.46875
1;11400;PEARLS;10002;1;9995;22;;;10005;22;;;;;10003.5;84.0
1;11400;BANANAS;4867;22;;;;;4874;22;;;;;4870.5;91.734375
1;11500;PEARLS;9995;27;;;;;10005;27;;;;;10000.0;86.0
1;11500;BANANAS;4867;27;;;;;4874;27;;;;;4870.5;94.6875
1;11500;PINA_COLADAS;14986;74;;;;;14989;74;;;;;14987.5;0.0
1;11500;COCONUTS;7988;161;;;;;7989;61;7990;53;7991;108;7988.5;906.90625
1;11600;COCONUTS;7988;51;7987;107;;;7990;158;;;;;7989.0;918.78125
1;11600;PEARLS;9998;6;9996;1;9995;30;10004;1;10005;30;;;10001.0;86.0
1;11600;BANANAS;4869;6;4868;31;;;4874;1;4875;30;;;4871.5;103.671875
1;11600;PINA_COLADAS;14984;80;;;;;14987;80;;;;;14985.5;0.0
1;11700;PEARLS;9996;1;9995;22;;;10000;2;10004;1;10005;22;9998.0;86.0
1;11700;BANANAS;4868;23;;;;;4874;23;;;;;4871.0;100.2109375
1;11700;PINA_COLADAS;14987;96;;;;;14990;96;;;;;14988.5;0.0
1;11700;COCONUTS;7989;206;;;;;7992;206;;;;;7990.5;814.4375
1;11800;PINA_COLADAS;14986;96;;;;;14989;96;;;;;14987.5;0.0
1;11800;COCONUTS;7989;180;;;;;7992;180;;;;;7990.5;819.625
1;11800;PEARLS;9996;2;9995;25;;;10004;2;10005;25;;;10000.0;86.0
1;11800;BANANAS;4868;27;;;;;4874;27;;;;;4871.0;100.671875
1;11900;BANANAS;4868;21;;;;;4875;21;;;;;4871.5;109.0078125
1;11900;PEARLS;9996;1;9995;20;;;10004;1;10005;20;;;10000.0;86.0
1;11900;PINA_COLADAS;14986;80;;;;;14989;80;;;;;14987.5;0.0
1;11900;COCONUTS;7989;193;;;;;7991;46;7992;147;;;7990.0;848.96875
1;12000;COCONUTS;7988;183;;;;;7991;183;;;;;7989.5;877.9375
1;12000;BANANAS;4868;24;;;;;4871;2;4875;24;;;4869.5;108.7109375
1;12000;PEARLS;9996;2;9995;22;;;9998;1;10004;2;10005;22;9997.0;86.0
1;12000;PINA_COLADAS;14988;34;14987;69;;;14990;34;14991;69;;;14989.0;0.0
1;12100;BANANAS;4868;24;;;;;4875;24;;;;;4871.5;104.25
1;12100;PEARLS;9995;24;;;;;9998;2;10005;24;;;9996.5;88.0
1;12100;PINA_COLADAS;14987;34;14986;60;;;14989;34;14990;60;;;14988.0;0.0
1;12100;COCONUTS;7988;166;;;;;7991;166;;;;;7989.5;897.96875
1;12200;PINA_COLADAS;14990;86;;;;;14993;86;;;;;14991.5;0.0
1;12200;COCONUTS;7989;206;;;;;7992;206;;;;;7990.5;821.5
1;12200;BANANAS;4868;24;;;;;4873;3;4874;1;4875;24;4870.5;105.0
1;12200;PEARLS;9996;1;9995;24;;;10002;3;10004;1;10005;24;9999.0;92.0
1;12300;PEARLS;9996;1;9995;20;;;10004;1;10005;20;;;10000.0;92.0
1;12300;BANANAS;4868;21;;;;;4874;1;4875;20;;;4871.0;105.3046875
1;12300;COCONUTS;7989;187;;;;;7992;187;;;;;7990.5;834.25
1;12300;PINA_COLADAS;14992;108;;;;;14993;22;14995;108;;;14992.5;0.0
1;12400;PEARLS;9996;1;9995;28;;;10004;1;10005;28;;;10000.0;92.0
1;12400;BANANAS;4868;29;;;;;4869;1;4875;29;;;4868.5;107.6015625
1;12400;COCONUTS;7990;166;;;;;7993;166;;;;;7991.5;746.75
1;12400;PINA_COLADAS;14995;100;;;;;14998;37;14999;63;;;14996.5;0.0
1;12500;PEARLS;9996;2;9995;22;;;10004;2;10005;22;;;10000.0;92.0
1;12500;BANANAS;4867;24;;;;;4873;2;4874;22;;;4870.0;87.609375
1;12500;COCONUTS;7991;183;;;;;7994;183;;;;;7992.5;697.0
1;12500;PINA_COLADAS;14996;27;14995;51;;;14997;21;14998;27;14999;51;14996.5;0.0
1;12600;PINA_COLADAS;14996;35;14995;64;;;14999;99;;;;;14997.5;0.0
1;12600;PEARLS;9996;2;9995;28;;;10004;2;10005;28;;;10000.0;92.0
1;12600;BANANAS;4867;30;;;;;4873;2;4874;28;;;4870.0;88.046875
1;12600;COCONUTS;7992;169;;;;;7995;169;;;;;7993.5;658.125
1;12700;PEARLS;9996;1;9995;23;;;9998;3;10004;1;10005;23;9997.0;92.0
1;12700;BANANAS;4867;24;;;;;4873;1;4874;23;;;4870.0;88.2734375
1;12700;COCONUTS;7992;175;;;;;7994;66;7995;109;;;7993.0;666.46875
1;12700;PINA_COLADAS;14995;99;;;;;14998;99;;;;;14996.5;0.0
1;12800;PEARLS;9998;4;9996;1;9995;23;10004;1;10005;23;;;10001.0;98.0
1;12800;BANANAS;4868;4;4867;24;;;4874;24;;;;;4871.0;93.5
1;12800;COCONUTS;7991;199;;;;;7994;199;;;;;7992.5;713.25
1;12800;PINA_COLADAS;14993;27;14992;74;;;14995;27;14996;74;;;14994.0;0.0
1;12900;PEARLS;9995;29;;;;;10005;29;;;;;10000.0;98.0
1;12900;BANANAS;4872;1;4867;29;;;4874;29;;;;;4873.0;91.90625
1;12900;COCONUTS;7992;44;7991;109;;;7994;153;;;;;7993.0;672.09375
1;12900;PINA_COLADAS;14993;33;14992;54;;;14995;33;14996;54;;;14994.0;0.0
1;13000;PINA_COLADAS;14994;13;14992;96;;;14995;96;;;;;14994.5;0.0
1;13000;PEARLS;9996;1;9995;25;;;9998;1;10004;1;10005;25;9997.0;98.0
1;13000;BANANAS;4870;3;4867;26;;;4873;1;4874;25;;;4871.5;87.71875
1;13000;COCONUTS;7990;215;;;;;7993;215;;;;;7991.5;758.375
1;13100;PEARLS;10002;3;9996;1;9995;24;10004;1;10005;24;;;10003.0;100.0
1;13100;BANANAS;4867;25;;;;;4873;25;;;;;4870.0;86.6796875
1;13100;COCONUTS;7990;149;;;;;7993;149;;;;;7991.5;757.9375
1;13100;PINA_COLADAS;14991;23;14990;64;;;14993;23;14994;64;;;14992.0;0.0
1;13200;PEARLS;9996;1;9995;20;;;10004;1;10005;20;;;10000.0;106.0
1;13200;BANANAS;4866;21;;;;;4873;21;;;;;4869.5;78.5390625
1;13200;COCONUTS;7991;159;;;;;7994;159;;;;;7992.5;717.15625
1;13200;PINA_COLADAS;14992;103;;;;;14995;103;;;;;14993.5;0.0
1;13300;PINA_COLADAS;14990;111;;;;;14993;36;14994;75;;;14991.5;0.0
1;13300;PEARLS;9996;1;9995;29;;;10004;1;10005;29;;;10000.0;106.0
1;13300;BANANAS;4866;1;4865;29;;;4872;30;;;;;4869.0;65.1796875
1;13300;COCONUTS;7990;199;;;;;7993;199;;;;;7991.5;771.625
1;13400;BANANAS;4865;31;;;;;4872;31;;;;;4868.5;62.78125
1;13400;COCONUTS;7990;205;;;;;7993;205;;;;;7991.5;745.84375
1;13400;PINA_COLADAS;14990;34;14989;75;;;14992;34;14993;75;;;14991.0;0.0
1;13400;PEARLS;9996;2;9995;29;;;10004;2;10005;29;;;10000.0;106.0
1;13500;BANANAS;4866;2;4865;21;;;4872;23;;;;;4869.0;66.5546875
1;13500;PEARLS;9996;2;9995;21;;;10004;2;10005;21;;;10000.0;106.0
1;13500;COCONUTS;7990;207;;;;;7993;207;;;;;7991.5;756.59375
1;13500;PINA_COLADAS;14988;82;;;;;14991;82;;;;;14989.5;0.0
1;13600;BANANAS;4867;7;4866;30;;;4872;30;;;;;4869.5;68.5234375
1;13600;PINA_COLADAS;14990;32;14989;69;;;14992;32;14993;69;;;14991.0;0.0
1;13600;PEARLS;10002;1;10000;3;9998;7;10005;30;;;;;10003.5;106.0
1;13600;COCONUTS;7991;176;;;;;7994;176;;;;;7992.5;704.21875
1;13700;PINA_COLADAS;14989;78;;;;;14992;78;;;;;14990.5;0.0
1;13700;BANANAS;4865;30;;;;;4870;9;4872;30;;;4867.5;62.4921875
1;13700;PEARLS;9996;1;9995;29;;;10002;9;10004;1;10005;29;9999.0;108.0
1;13700;COCONUTS;7990;205;;;;;7993;205;;;;;7991.5;752.40625
1;13800;BANANAS;4866;26;;;;;4871;1;4873;26;;;4868.5;76.96875
1;13800;PINA_COLADAS;14988;7;14986;72;;;14989;22;14990;50;;;14988.5;0.0
1;13800;PEARLS;9995;26;;;;;10002;1;10005;26;;;9998.5;108.0
1;13800;COCONUTS;7990;214;;;;;7993;214;;;;;7991.5;771.625
1;13900;BANANAS;4866;21;;;;;4867;1;4871;5;4873;21;4866.5;79.1875
1;13900;PEARLS;9996;1;9995;20;;;10002;5;10004;1;10005;20;9999.0;108.0
1;13900;COCONUTS;7989;181;;;;;7992;181;;;;;7990.5;808.0
1;13900;PINA_COLADAS;14986;89;;;;;14989;21;14990;68;;;14987.5;0.0
1;14000;BANANAS;4867;29;;;;;4873;1;4874;28;;;4870.0;92.1640625
1;14000;PINA_COLADAS;14986;93;;;;;14989;93;;;;;14987.5;0.0
1;14000;PEARLS;9996;1;9995;28;;;10004;1;10005;28;;;10000.0;108.0
1;14000;COCONUTS;7989;69;7988;199;;;7991;199;;;;;7990.0;878.09375
1;14100;PINA_COLADAS;14986;91;;;;;14989;91;;;;;14987.5;0.0
1;14100;BANANAS;4867;28;;;;;4874;28;;;;;4870.5;96.9296875
1;14100;PEARLS;9996;1;9995;27;;;10004;1;10005;27;;;10000.0;108.0
1;14100;COCONUTS;7988;158;;;;;7991;158;;;;;7989.5;877.25
1;14200;BANANAS;4867;27;;;;;4874;27;;;;;4870.5;96.21875
1;14200;PINA_COLADAS;14989;82;;;;;14992;28;14993;54;;;14990.5;0.0
1;14200;PEARLS;9996;1;9995;26;;;10004;1;10005;26;;;10000.0;108.0
1;14200;COCONUTS;7990;167;;;;;7993;167;;;;;7991.5;752.40625
1;14300;PEARLS;9996;2;9995;30;;;10004;2;10005;30;;;10000.0;108.0
1;14300;COCONUTS;7991;80;7990;191;;;7993;191;;;;;7992.0;772.09375
1;14300;PINA_COLADAS;14987;79;;;;;14990;79;;;;;14988.5;0.0
1;14300;BANANAS;4867;32;;;;;4873;2;4874;30;;;4870.0;93.4296875
1;14400;PEARLS;10002;1;9996;1;9995;26;10004;1;10005;26;;;10003.0;108.0
1;14400;COCONUTS;7989;175;;;;;7992;175;;;;;7990.5;810.90625
1;14400;PINA_COLADAS;14984;86;;;;;14987;86;;;;;14985.5;0.0
1;14400;BANANAS;4867;27;;;;;4873;27;;;;;4870.0;88.984375
1;14500;PINA_COLADAS;14986;90;;;;;14989;90;;;;;14987.5;0.0
1;14500;BANANAS;4867;1;4866;20;;;4871;2;4873;21;;;4869.0;83.328125
1;14500;PEARLS;9996;1;9995;20;;;9998;9;10002;2;10004;1;9997.0;110.0
1;14500;COCONUTS;7990;80;7989;106;;;7992;186;;;;;7991.0;801.96875
1;14600;BANANAS;4867;1;4866;22;;;4871;4;4873;23;;;4869.0;83.234375
1;14600;COCONUTS;7992;61;7991;132;;;7994;193;;;;;7993.0;681.75
1;14600;PEARLS;9996;1;9995;22;;;10002;4;10004;1;10005;22;9999.0;128.0
1;14600;PINA_COLADAS;14985;92;;;;;14988;39;14989;53;;;14986.5;0.0
1;14700;COCONUTS;7993;184;;;;;7996;184;;;;;7994.5;578.5625
1;14700;PEARLS;10000;2;9995;26;;;10005;26;;;;;10002.5;128.0
1;14700;PINA_COLADAS;14990;100;;;;;14993;100;;;;;14991.5;0.0
1;14700;BANANAS;4871;1;4865;26;;;4872;26;;;;;4871.5;69.234375
1;14800;COCONUTS;7992;156;;;;;7995;156;;;;;7993.5;657.9375
1;14800;PEARLS;9996;1;9995;23;;;10004;1;10005;23;;;10000.0;128.0
1;14800;PINA_COLADAS;14988;97;;;;;14991;97;;;;;14989.5;0.0
1;14800;BANANAS;4866;24;;;;;4867;2;4872;24;;;4866.5;71.6953125
1;14900;PINA_COLADAS;14989;104;;;;;14990;23;14992;104;;;14989.5;0.0
1;14900;BANANAS;4865;21;;;;;4872;21;;;;;4868.5;68.890625
1;14900;COCONUTS;7992;167;;;;;7995;167;;;;;7993.5;632.5625
1;14900;PEARLS;9996;1;9995;20;;;10004;1;10005;20;;;10000.0;128.0
1;15000;BANANAS;4870;1;4866;4;4865;25;4872;25;;;;;4871.0;62.3515625
1;15000;COCONUTS;7991;174;;;;;7993;71;7994;103;;;7992.0;724.4375
1;15000;PEARLS;9998;1;9995;25;;;10005;25;;;;;10001.5;128.0
1;15000;PINA_COLADAS;14986;30;14985;70;;;14988;30;14989;70;;;14987.0;0.0
1;15100;COCONUTS;7990;175;;;;;7993;175;;;;;7991.5;751.09375
1;15100;PEARLS;9998;10;9995;26;;;10005;26;;;;;10001.5;128.0
1;15100;PINA_COLADAS;14985;38;14984;50;;;14987;38;14988;50;;;14986.0;0.0
1;15100;BANANAS;4865;10;4864;26;;;4871;26;;;;;4868.0;50.78125
1;15200;COCONUTS;7991;184;;;;;7994;184;;;;;7992.5;707.96875
1;15200;PEARLS;9995;25;;;;;10002;10;10005;25;;;9998.5;128.0
1;15200;PINA_COLADAS;14984;71;;;;;14987;79;;;;;14985.5;0.0
1;15200;BANANAS;4864;25;;;;;4869;10;4871;25;;;4866.5;48.28125
1;15300;PINA_COLADAS;14980;109;;;;;14983;109;;;;;14981.5;0.0
1;15300;BANANAS;4864;26;;;;;4870;2;4871;24;;;4867.0;44.53125
1;15300;COCONUTS;7990;197;;;;;7993;197;;;;;7991.5;756.25
1;15300;PEARLS;9996;2;9995;24;;;10004;2;10005;24;;;10000.0;128.0
1;15400;BANANAS;4864;24;;;;;4871;24;;;;;4867.5;45.6328125
1;15400;COCONUTS;7990;190;;;;;7993;190;;;;;7991.5;763.75
1;15400;PEARLS;9996;1;9995;23;;;10004;1;10005;23;;;10000.0;128.0
1;15400;PINA_COLADAS;14979;32;14978;60;;;14981;32;14982;60;;;14980.0;0.0
1;15500;COCONUTS;7990;194;;;;;7993;194;;;;;7991.5;765.0
1;15500;PEARLS;10002;1;9998;1;9996;2;10004;2;10005;22;;;10003.0;128.0
1;15500;PINA_COLADAS;14979;80;;;;;14982;80;;;;;14980.5;0.0
1;15500;BANANAS;4865;1;4864;24;;;4871;24;;;;;4868.0;50.859375
1;15600;COCONUTS;7991;46;7990;110;;;7993;156;;;;;7992.0;736.90625
1;15600;PINA_COLADAS;14979;85;;;;;14982;85;;;;;14980.5;0.0
1;15600;PEARLS;9996;2;9995;23;;;10002;6;10004;2;10005;23;9999.0;130.0
1;15600;BANANAS;4864;25;;;;;4869;7;4870;2;4871;23;4866.5;41.4296875
1;15700;PINA_COLADAS;14977;95;;;;;14980;95;;;;;14978.5;0.0
1;15700;PEARLS;9998;8;9996;1;9995;20;10004;1;10005;20;;;10001.0;130.0
1;15700;BANANAS;4864;9;4863;20;;;4870;21;;;;;4867.0;35.6796875
1;15700;COCONUTS;7990;182;;;;;7993;182;;;;;7991.5;744.5625
1;15800;PEARLS;9996;2;9995;23;;;10004;2;10005;23;;;10000.0;130.0
1;15800;BANANAS;4863;25;;;;;4870;25;;;;;4866.5;26.4296875
1;15800;PINA_COLADAS;14980;104;;;;;14983;104;;;;;14981.5;0.0
1;15800;COCONUTS;7992;184;;;;;7994;56;7995;128;;;7993.0;665.6875
1;15900;COCONUTS;7992;173;;;;;7995;173;;;;;7993.5;657.90625
1;15900;PINA_COLADAS;14981;84;;;;;14984;84;;;;;14982.5;0.0
1;15900;PEARLS;9996;1;9995;30;;;10004;1;10005;30;;;10000.0;130.0
1;15900;BANANAS;4864;31;;;;;4870;31;;;;;4867.0;37.8671875
1;16000;PINA_COLADAS;14977;82;;;;;14980;82;;;;;14978.5;0.0
1;16000;COCONUTS;7991;198;;;;;7993;58;7994;140;;;7992.0;725.125
1;16000;PEARLS;9995;23;;;;;10005;23;;;;;10000.0;130.0
1;16000;BANANAS;4862;23;;;;;4869;23;;;;;4865.5;17.8671875
1;16100;PINA_COLADAS;14977;39;14976;72;;;14979;39;14980;72;;;14978.0;0.0
1;16100;PEARLS;9996;2;9995;25;;;10004;2;10005;25;;;10000.0;130.0
1;16100;BANANAS;4863;27;;;;;4869;2;4870;25;;;4866.0;22.984375
1;16100;COCONUTS;7991;205;;;;;7994;205;;;;;7992.5;695.21875
1;16200;PEARLS;9998;6;9996;2;9995;21;10004;2;10005;21;;;10001.0;130.0
1;16200;BANANAS;4864;6;4863;23;;;4869;2;4870;21;;;4866.5;24.2578125
1;16200;PINA_COLADAS;14978;76;;;;;14981;76;;;;;14979.5;0.0
1;16200;COCONUTS;7991;193;;;;;7994;193;;;;;7992.5;695.6875
1;16300;COCONUTS;7991;190;;;;;7994;190;;;;;7992.5;683.75
1;16300;PINA_COLADAS;14979;104;;;;;14982;104;;;;;14980.5;0.0
1;16300;BANANAS;4868;1;4863;24;;;4869;2;4870;22;;;4868.5;25.90625
1;16300;PEARLS;9996;2;9995;22;;;10004;2;10005;22;;;10000.0;130.0
1;16400;PINA_COLADAS;14982;72;;;;;14985;72;;;;;14983.5;0.0
1;16400;COCONUTS;7993;53;7992;150;;;7995;203;;;;;7994.0;619.6875
1;16400;BANANAS;4863;27;;;;;4870;27;;;;;4866.5;28.109375
1;16400;PEARLS;9996;1;9995;26;;;10004;1;10005;26;;;10000.0;130.0
1;16500;PINA_COLADAS;14981;104;;;;;14984;104;;;;;14982.5;0.0
1;16500;BANANAS;4863;23;;;;;4869;1;4870;22;;;4866.0;26.5859375
1;16500;PEARLS;9996;1;9995;22;;;10004;1;10005;22;;;10000.0;130.0
1;16500;COCONUTS;7993;59;7992;183;;;7994;56;7995;127;;;7993.5;664.65625
1;16600;BANANAS;4863;2;4862;27;;;4869;29;;;;;4866.0;20.796875
1;16600;PEARLS;10002;3;9996;2;9995;27;10004;2;10005;27;;;10003.0;130.0
1;16600;PINA_COLADAS;14982;29;14981;71;;;14984;29;14985;71;;;14983.0;0.0
1;16600;COCONUTS;7992;169;;;;;7995;169;;;;;7993.5;633.9375
1;16700;COCONUTS;7992;189;;;;;7995;189;;;;;7993.5;631.6875
1;16700;PINA_COLADAS;14980;21;14979;67;;;14983;88;;;;;14981.5;0.0
1;16700;PEARLS;9996;2;9995;30;;;10004;2;10005;30;;;10000.0;136.0
1;16700;BANANAS;4863;32;;;;;4870;32;;;;;4866.5;30.875
1;16800;PINA_COLADAS;14982;25;14981;51;;;14984;25;14985;51;;;14983.0;0.0
1;16800;PEARLS;9996;2;9995;26;;;10002;9;10004;2;10005;26;9999.0;136.0
1;16800;BANANAS;4863;2;4862;26;;;4867;9;4869;28;;;4865.0;21.0859375
1;16800;COCONUTS;7993;175;;;;;7996;175;;;;;7994.5;586.125
1;16900;PINA_COLADAS;14984;21;14983;57;;;14985;32;14987;78;;;14984.5;0.0
1;16900;PEARLS;10002;1;9995;23;;;10005;23;;;;;10003.5;136.0
1;16900;BANANAS;4862;23;;;;;4869;23;;;;;4865.5;10.4765625
1;16900;COCONUTS;7995;58;7994;135;;;7997;193;;;;;7996.0;499.28125
1;17000;PEARLS;10002;5;9998;5;9996;1;10004;1;10005;27;;;10003.0;138.0
1;17000;BANANAS;4863;5;4862;28;;;4869;28;;;;;4866.0;13.1484375
1;17000;COCONUTS;7995;57;7994;146;;;7997;203;;;;;7996.0;494.4375
1;17000;PINA_COLADAS;14984;85;;;;;14987;85;;;;;14985.5;0.0
1;17100;PINA_COLADAS;14982;96;;;;;14985;96;;;;;14983.5;0.0
1;17100;PEARLS;9996;2;9995;25;;;10004;2;10005;25;;;10000.0;148.0
1;17100;BANANAS;4862;27;;;;;4869;27;;;;;4865.5;50.296875
1;17100;COCONUTS;7994;157;;;;;7996;50;7997;107;;;7995.0;542.3125
1;17200;PINA_COLADAS;14980;92;;;;;14983;92;;;;;14981.5;0.0
1;17200;PEARLS;10002;1;9996;2;9995;24;10004;2;10005;24;;;10003.0;148.0
1;17200;BANANAS;4861;26;;;;;4868;26;;;;;4864.5;44.75
1;17200;COCONUTS;7994;50;7993;112;;;7996;162;;;;;7995.0;556.8125
1;17300;PINA_COLADAS;14981;99;;;;;14984;99;;;;;14982.5;0.0
1;17300;PEARLS;9998;7;9995;29;;;10005;29;;;;;10001.5;150.0
1;17300;BANANAS;4862;7;4861;29;;;4868;29;;;;;4865.0;43.794921875
1;17300;COCONUTS;7995;184;;;;;7996;78;7997;69;7998;115;7995.5;484.84375
1;17400;PEARLS;9995;21;;;;;10002;10;10005;21;;;9998.5;150.0
1;17400;BANANAS;4861;21;;;;;4866;10;4868;21;;;4863.5;44.8671875
1;17400;COCONUTS;7993;182;;;;;7995;64;7996;118;;;7994.0;598.875
1;17400;PINA_COLADAS;14978;106;;;;;14981;38;14982;68;;;14979.5;0.0
1;17500;PINA_COLADAS;14978;107;;;;;14981;107;;;;;14979.5;0.0
1;17500;PEARLS;9996;1;9995;27;;;10004;1;10005;27;;;10000.0;150.0
1;17500;BANANAS;4861;28;;;;;4867;28;;;;;4864.0;41.84765625
1;17500;COCONUTS;7993;52;7992;149;;;7995;201;;;;;7994.0;618.21875
1;17600;PINA_COLADAS;14978;25;14977;61;;;14980;25;14981;61;;;14979.0;0.0
1;17600;PEARLS;9996;1;9995;25;;;10002;3;10004;1;10005;25;9999.0;150.0
1;17600;BANANAS;4861;26;;;;;4866;3;4867;1;4868;25;4863.5;42.68359375
1;17600;COCONUTS;7992;205;;;;;7995;205;;;;;7993.5;644.1875
1;17700;PINA_COLADAS;14975;71;;;;;14978;71;;;;;14976.5;0.0
1;17700;PEARLS;9998;4;9996;2;9995;24;10004;2;10005;24;;;10001.0;150.0
1;17700;BANANAS;4862;4;4861;26;;;4868;26;;;;;4865.0;44.166015625
1;17700;COCONUTS;7991;69;7990;139;;;7993;208;;;;;7992.0;741.5
1;17800;BANANAS;4862;23;;;;;4866;7;4868;23;;;4864.0;47.15625
1;17800;COCONUTS;7990;80;7989;120;;;7992;200;;;;;7991.0;797.90625
1;17800;PEARLS;9995;23;;;;;10002;6;10005;23;;;9998.5;150.0
1;17800;PINA_COLADAS;14974;23;14973;66;;;14977;89;;;;;14975.5;0.0
1;17900;BANANAS;4866;1;4861;22;;;4868;22;;;;;4867.0;44.45703125
1;17900;PINA_COLADAS;14976;84;;;;;14979;84;;;;;14977.5;0.0
1;17900;PEARLS;9995;22;;;;;10005;22;;;;;10000.0;150.0
1;17900;COCONUTS;7990;199;;;;;7993;199;;;;;7991.5;748.9375
1;18000;PINA_COLADAS;14977;97;;;;;14980;97;;;;;14978.5;0.0
1;18000;BANANAS;4867;1;4866;10;4862;10;4868;25;;;;;4867.5;46.51953125
1;18000;PEARLS;9998;10;9996;2;9995;23;10004;2;10005;23;;;10001.0;150.0
1;18000;COCONUTS;7991;190;;;;;7994;190;;;;;7992.5;712.09375
1;18100;BANANAS;4861;31;;;;;4868;31;;;;;4864.5;63.375
1;18100;PINA_COLADAS;14975;91;;;;;14978;91;;;;;14976.5;0.0
1;18100;PEARLS;10000;6;9996;1;9995;30;10004;1;10005;30;;;10002.0;150.0
1;18100;COCONUTS;7990;170;;;;;7993;170;;;;;7991.5;775.5
1;18200;BANANAS;4863;10;4862;28;;;4868;28;;;;;4865.5;59.80859375
1;18200;PEARLS;9998;10;9995;28;;;10005;28;;;;;10001.5;150.0
1;18200;COCONUTS;7990;200;;;;;7993;200;;;;;7991.5;744.71875
1;18200;PINA_COLADAS;14976;82;;;;;14979;82;;;;;14977.5;0.0
1;18300;BANANAS;4863;9;4862;30;;;4869;30;;;;;4866.0;57.73046875
1;18300;PINA_COLADAS;14975;96;;;;;14978;96;;;;;14976.5;0.0
1;18300;PEARLS;9998;9;9996;2;9995;28;10004;2;10005;28;;;10001.0;150.0
1;18300;COCONUTS;7991;46;7990;106;;;7993;152;;;;;7992.0;734.59375
1;18400;PINA_COLADAS;14978;87;;;;;14981;87;;;;;14979.5;0.0
1;18400;BANANAS;4862;22;;;;;4869;22;;;;;4865.5;55.50390625
1;18400;PEARLS;9995;22;;;;;10005;22;;;;;10000.0;150.0
1;18400;COCONUTS;7991;221;;;;;7994;221;;;;;7992.5;686.5
1;18500;BANANAS;4862;26;;;;;4869;26;;;;;4865.5;62.171875
1;18500;PINA_COLADAS;14979;102;;;;;14982;102;;;;;14980.5;0.0
1;18500;PEARLS;9996;1;9995;25;;;10004;1;10005;25;;;10000.0;150.0
1;18500;COCONUTS;7992;206;;;;;7995;206;;;;;7993.5;653.5
1;18600;PEARLS;9996;2;9995;25;;;10004;2;10005;25;;;10000.0;150.0
1;18600;COCONUTS;7993;171;;;;;7995;42;7996;129;;;7994.0;600.03125
1;18600;BANANAS;4863;1;4862;25;;;4869;27;;;;;4866.0;59.818359375
1;18600;PINA_COLADAS;14980;100;;;;;14983;100;;;;;14981.5;0.0
1;18700;BANANAS;4868;1;4863;7;4862;20;4869;20;;;;;4868.5;59.4296875
1;18700;PINA_COLADAS;14980;79;;;;;14983;79;;;;;14981.5;0.0
1;18700;PEARLS;9998;7;9995;20;;;10005;20;;;;;10001.5;150.0
1;18700;COCONUTS;7992;178;;;;;7995;178;;;;;7993.5;650.84375
1;18800;PINA_COLADAS;14979;39;14978;54;;;14982;93;;;;;14980.5;0.0
1;18800;PEARLS;9996;2;9995;29;;;10004;2;10005;29;;;10000.0;150.0
1;18800;COCONUTS;7991;191;;;;;7994;191;;;;;7992.5;708.1875
1;18800;BANANAS;4862;31;;;;;4868;31;;;;;4865.0;66.642578125
1;18900;BANANAS;4867;1;4862;1;4861;30;4868;31;;;;;4867.5;68.39453125
1;18900;PEARLS;9996;1;9995;30;;;10004;1;10005;30;;;10000.0;150.0
1;18900;COCONUTS;7990;188;;;;;7993;188;;;;;7991.5;756.71875
1;18900;PINA_COLADAS;14977;107;;;;;14980;107;;;;;14978.5;0.0
1;19000;COCONUTS;7991;53;7990;108;;;7993;161;;;;;7992.0;743.875
1;19000;PEARLS;9996;1;9995;27;;;10004;1;10005;27;;;10000.0;150.0
1;19000;BANANAS;4867;1;4862;28;;;4868;28;;;;;4867.5;68.5859375
1;19000;PINA_COLADAS;14977;97;;;;;14980;97;;;;;14978.5;0.0
1;19100;BANANAS;4862;30;;;;;4869;30;;;;;4865.5;68.25390625
1;19100;COCONUTS;7992;54;7991;135;;;7994;189;;;;;7993.0;676.53125
1;19100;PEARLS;9996;1;9995;29;;;10004;1;10005;29;;;10000.0;150.0
1;19100;PINA_COLADAS;14978;86;;;;;14981;86;;;;;14979.5;0.0
1;19200;PINA_COLADAS;14979;85;;;;;14982;85;;;;;14980.5;0.0
1;19200;COCONUTS;7992;186;;;;;7995;186;;;;;7993.5;633.3125
1;19200;PEARLS;9996;1;9995;23;;;10002;5;10004;1;10005;23;9999.0;150.0
1;19200;BANANAS;4862;24;;;;;4867;5;4869;24;;;4864.5;67.75
1;19300;BANANAS;4863;4;4862;24;;;4868;2;4869;22;;;4865.5;69.64453125
1;19300;COCONUTS;7991;196;;;;;7994;196;;;;;7992.5;704.8125
1;19300;PEARLS;9998;4;9996;2;9995;22;10004;2;10005;22;;;10001.0;150.0
1;19300;PINA_COLADAS;14976;79;;;;;14979;28;14980;51;;;14977.5;0.0
1;19400;COCONUTS;7992;208;;;;;7995;208;;;;;7993.5;654.0625
1;19400;PEARLS;9995;24;;;;;10005;24;;;;;10000.0;150.0
1;19400;BANANAS;4862;23;;;;;4868;24;;;;;4865.0;70.421875
1;19400;PINA_COLADAS;14977;107;;;;;14980;107;;;;;14978.5;0.0
1;19500;BANANAS;4863;8;4862;24;;;4868;1;4869;23;;;4865.5;69.51953125
1;19500;COCONUTS;7990;188;;;;;7992;69;7993;119;;;7991.0;782.28125
1;19500;PEARLS;9998;8;9996;1;9995;23;10004;1;10005;23;;;10001.0;150.0
1;19500;PINA_COLADAS;14972;85;;;;;14975;85;;;;;14973.5;0.0
1;19600;PINA_COLADAS;14968;20;14967;67;;;14970;20;14971;67;;;14969.0;0.0
1;19600;COCONUTS;7989;185;;;;;7992;185;;;;;7990.5;820.875
1;19600;PEARLS;9996;2;9995;26;;;10004;2;10005;26;;;10000.0;150.0
1;19600;BANANAS;4862;28;;;;;4869;28;;;;;4865.5;67.28515625
1;19700;BANANAS;4862;26;;;;;4869;27;;;;;4865.5;68.3125
1;19700;COCONUTS;7990;207;;;;;7993;207;;;;;7991.5;755.09375
1;19700;PEARLS;9996;2;9995;25;;;10004;2;10005;25;;;10000.0;150.0
1;19700;PINA_COLADAS;14969;84;;;;;14972;84;;;;;14970.5;0.0
1;19800;COCONUTS;7990;44;7989;110;;;7992;154;;;;;7991.0;798.09375
1;19800;PEARLS;9998;6;9995;29;;;10005;29;;;;;10001.5;150.0
1;19800;BANANAS;4863;6;4862;29;;;4868;29;;;;;4865.5;71.2578125
1;19800;PINA_COLADAS;14967;96;;;;;14970;96;;;;;14968.5;0.0
1;19900;BANANAS;4862;2;4861;26;;;4868;28;;;;;4865.0;73.3671875
1;19900;COCONUTS;7990;220;;;;;7992;80;7993;140;;;7991.0;785.21875
1;19900;PEARLS;9996;2;9995;26;;;10004;2;10005;26;;;10000.0;150.0
1;19900;PINA_COLADAS;14970;27;14969;62;;;14973;89;;;;;14971.5;0.0
1;20000;PINA_COLADAS;14968;84;;;;;14971;84;;;;;14969.5;0.0
1;20000;COCONUTS;7988;171;;;;;7991;171;;;;;7989.5;887.65625
1;20000;PEARLS;9996;2;9995;21;;;10004;2;10005;21;;;10000.0;150.0
1;20000;BANANAS;4867;1;4862;23;;;4868;23;;;;;4867.5;74.76171875
1;20100;PEARLS;9996;2;9995;30;;;10004;2;10005;30;;;10000.0;150.0
1;20100;BANANAS;4862;32;;;;;4868;32;;;;;4865.0;76.91015625
1;20100;PINA_COLADAS;14969;101;;;;;14970;40;14972;40;14973;61;14969.5;0.0
1;20100;COCONUTS;7991;16;7989;167;;;7992;167;;;;;7991.5;831.78125
1;20200;COCONUTS;7989;174;;;;;7992;174;;;;;7990.5;827.03125
1;20200;PEARLS;9995;26;;;;;10005;26;;;;;10000.0;150.0
1;20200;BANANAS;4861;26;;;;;4868;26;;;;;4864.5;80.65234375
1;20200;PINA_COLADAS;14968;107;;;;;14971;107;;;;;14969.5;0.0
1;20300;PEARLS;9996;1;9995;26;;;9998;1;10004;1;10005;26;9997.0;150.0
1;20300;BANANAS;4860;26;;;;;4867;27;;;;;4863.5;84.671875
1;20300;PINA_COLADAS;14966;71;;;;;14969;71;;;;;14967.5;0.0
1;20300;COCONUTS;7989;46;7988;111;;;7991;157;;;;;7990.0;866.09375
1;20400;PINA_COLADAS;14968;38;14967;68;;;14971;106;;;;;14969.5;0.0
1;20400;COCONUTS;7989;209;;;;;7992;209;;;;;7990.5;816.1875
1;20400;PEARLS;9995;27;;;;;9998;4;10005;27;;;9996.5;161.0
1;20400;BANANAS;4861;27;;;;;4867;27;;;;;4864.0;83.4609375
1;20500;PEARLS;9995;28;;;;;10005;28;;;;;10000.0;169.0
1;20500;BANANAS;4860;28;;;;;4867;28;;;;;4863.5;85.8984375
1;20500;PINA_COLADAS;14968;105;;;;;14971;105;;;;;14969.5;0.0
1;20500;COCONUTS;7990;163;;;;;7992;43;7993;120;;;7991.0;782.9375
1;20600;COCONUTS;7990;167;;;;;7993;167;;;;;7991.5;776.0
1;20600;PEARLS;9996;1;9995;25;;;9998;1;10004;1;10005;25;9997.0;169.0
1;20600;BANANAS;4860;26;;;;;4866;1;4867;25;;;4863.0;88.76953125
1;20600;PINA_COLADAS;14971;90;;;;;14974;90;;;;;14972.5;0.0
1;20700;PEARLS;9996;1;9995;20;;;9998;1;10002;4;10004;1;9997.0;171.0
1;20700;BANANAS;4860;21;;;;;4865;4;4866;1;4867;20;4862.5;88.75
1;20700;PINA_COLADAS;14971;95;;;;;14974;95;;;;;14972.5;0.0
1;20700;COCONUTS;7990;152;;;;;7993;152;;;;;7991.5;761.59375
1;20800;PINA_COLADAS;14967;81;;;;;14970;81;;;;;14968.5;0.0
1;20800;COCONUTS;7989;167;;;;;7992;167;;;;;7990.5;833.34375
1;20800;BANANAS;4860;1;4859;23;;;4866;24;;;;;4863.0;92.3359375
1;20800;PEARLS;9996;1;9995;23;;;10004;1;10005;23;;;10000.0;171.0
1;20900;BANANAS;4860;21;;;;;4866;21;;;;;4863.0;90.953125
1;20900;PEARLS;9996;1;9995;20;;;9998;1;10004;1;10005;20;9997.0;171.0
1;20900;PINA_COLADAS;14964;92;;;;;14967;92;;;;;14965.5;0.0
1;20900;COCONUTS;7989;192;;;;;7992;192;;;;;7990.5;819.28125
1;21000;COCONUTS;7987;167;;;;;7990;167;;;;;7988.5;934.34375
1;21000;BANANAS;4860;23;;;;;4861;4;4866;2;4867;21;4860.5;89.50390625
1;21000;PEARLS;9996;2;9995;21;;;10004;2;10005;21;;;10000.0;171.0
1;21000;PINA_COLADAS;14961;96;;;;;14964;96;;;;;14962.5;0.0
1;21100;BANANAS;4860;27;;;;;4866;27;;;;;4863.0;99.23046875
1;21100;PEARLS;10002;2;9996;1;9995;26;10004;1;10005;26;;;10003.0;171.0
1;21100;COCONUTS;7989;210;;;;;7992;210;;;;;7990.5;829.5625
1;21100;PINA_COLADAS;14966;101;;;;;14969;101;;;;;14967.5;0.0
1;21200;PINA_COLADAS;14967;91;;;;;14970;39;14971;52;;;14968.5;0.0
1;21200;COCONUTS;7990;200;;;;;7993;200;;;;;7991.5;759.28125
1;21200;PEARLS;9996;1;9995;25;;;10002;5;10004;1;10005;25;9999.0;175.0
1;21200;BANANAS;4860;1;4859;25;;;4864;5;4866;26;;;4862.0;99.640625
1;21300;PEARLS;9995;30;;;;;10005;30;;;;;10000.0;175.0
1;21300;BANANAS;4865;1;4859;30;;;4866;30;;;;;4865.5;100.017578125
1;21300;COCONUTS;7990;195;;;;;7993;195;;;;;7991.5;776.28125
1;21300;PINA_COLADAS;14970;90;;;;;14973;90;;;;;14971.5;0.0
1;21400;PEARLS;9996;2;9995;24;;;10002;4;10004;2;10005;24;9999.0;175.0
1;21400;BANANAS;4859;26;;;;;4864;7;4866;26;;;4861.5;102.65234375
1;21400;COCONUTS;7990;186;;;;;7993;186;;;;;7991.5;758.625
1;21400;PINA_COLADAS;14972;94;;;;;14975;94;;;;;14973.5;0.0
1;21500;PEARLS;9995;29;;;;;9998;1;10005;29;;;9996.5;175.0
1;21500;BANANAS;4859;29;;;;;4866;29;;;;;4862.5;102.5703125
1;21500;COCONUTS;7989;46;7988;128;;;7991;174;;;;;7990.0;855.8125
1;21500;PINA_COLADAS;14967;97;;;;;14970;32;14971;65;;;14968.5;0.0
1;21600;PINA_COLADAS;14969;81;;;;;14972;81;;;;;14970.5;0.0
1;21600;PEARLS;9996;1;9995;27;;;10004;1;10005;27;;;10000.0;177.0
1;21600;BANANAS;4859;28;;;;;4861;4;4866;28;;;4860.0;102.33203125
1;21600;COCONUTS;7989;216;;;;;7992;216;;;;;7990.5;833.96875
1;21700;PEARLS;9995;27;;;;;10005;27;;;;;10000.0;177.0
1;21700;BANANAS;4865;1;4859;27;;;4866;27;;;;;4865.5;109.0
1;21700;COCONUTS;7989;196;;;;;7992;196;;;;;7990.5;836.09375
1;21700;PINA_COLADAS;14969;98;;;;;14972;98;;;;;14970.5;0.0
1;21800;PEARLS;9996;2;9995;23;;;10004;2;10005;23;;;10000.0;177.0
1;21800;BANANAS;4859;25;;;;;4866;25;;;;;4862.5;111.39404296875
1;21800;COCONUTS;7989;49;7988;130;;;7991;179;;;;;7990.0;864.8125
1;21800;PINA_COLADAS;14967;111;;;;;14970;37;14971;74;;;14968.5;0.0
1;21900;PEARLS;9996;1;9995;29;;;10004;1;10005;29;;;10000.0;177.0
1;21900;BANANAS;4859;30;;;;;4866;30;;;;;4862.5;111.4365234375
1;21900;COCONUTS;7988;76;7987;144;;;7990;220;;;;;7989.0;919.0625
1;21900;PINA_COLADAS;14967;35;14966;66;;;14969;35;14970;66;;;14968.0;0.0
1;22000;PINA_COLADAS;14964;92;;;;;14967;33;14968;59;;;14965.5;0.0
1;22000;PEARLS;9996;2;9995;27;;;10004;2;10005;27;;;10000.0;177.0
1;22000;BANANAS;4860;29;;;;;4866;2;4867;27;;;4863.0;110.83203125
1;22000;COCONUTS;7987;173;;;;;7990;173;;;;;7988.5;944.0
1;22100;PEARLS;9996;1;9995;29;;;10004;1;10005;29;;;10000.0;177.0
1;22100;BANANAS;4860;30;;;;;4866;1;4867;29;;;4863.0;110.892578125
1;22100;COCONUTS;7987;221;;;;;7989;79;7990;142;;;7988.0;966.84375
1;22100;PINA_COLADAS;14964;31;14963;67;;;14966;31;14967;67;;;14965.0;0.0
1;22200;PEARLS;9996;1;9995;28;;;10004;1;10005;28;;;10000.0;177.0
1;22200;BANANAS;4860;29;;;;;4867;29;;;;;4863.5;110.52294921875
1;22200;COCONUTS;7987;2;7986;143;;;7989;191;;;;;7988.0;978.875
1;22200;PINA_COLADAS;14964;20;14963;67;;;14967;87;;;;;14965.5;0.0
1;22300;PINA_COLADAS;14964;93;;;;;14967;93;;;;;14965.5;0.0
1;22300;BANANAS;4860;28;;;;;4867;28;;;;;4863.5;110.3837890625
1;22300;COCONUTS;7987;213;;;;;7990;213;;;;;7988.5;935.875
1;22300;PEARLS;9995;28;;;;;10005;28;;;;;10000.0;177.0
1;22400;BANANAS;4860;26;;;;;4867;26;;;;;4863.5;110.53955078125
1;22400;PINA_COLADAS;14963;87;;;;;14966;87;;;;;14964.5;0.0
1;22400;PEARLS;9995;26;;;;;10005;26;;;;;10000.0;177.0
1;22400;COCONUTS;7987;217;;;;;7990;217;;;;;7988.5;957.28125
1;22500;BANANAS;4860;27;;;;;4867;27;;;;;4863.5;110.3388671875
1;22500;PEARLS;9995;27;;;;;10005;27;;;;;10000.0;177.0
1;22500;COCONUTS;7986;206;;;;;7988;70;7989;136;;;7987.0;1025.0625
1;22500;PINA_COLADAS;14962;75;;;;;14965;75;;;;;14963.5;0.0
1;22600;BANANAS;4860;28;;;;;4863;5;4867;28;;;4861.5;110.4345703125
1;22600;PINA_COLADAS;14958;32;14957;87;;;14960;34;14961;53;;;14959.0;0.0
1;22600;PEARLS;9995;28;;;;;10005;28;;;;;10000.0;177.0
1;22600;COCONUTS;7984;147;;;;;7987;147;;;;;7985.5;1129.9375
1;22700;PINA_COLADAS;14957;71;;;;;14960;71;;;;;14958.5;0.0
1;22700;BANANAS;4860;30;;;;;4867;30;;;;;4863.5;110.14599609375
1;22700;PEARLS;9995;30;;;;;10005;30;;;;;10000.0;177.0
1;22700;COCONUTS;7984;221;;;;;7987;221;;;;;7985.5;1136.15625
1;22800;BANANAS;4861;2;4860;25;;;4867;27;;;;;4864.0;110.3115234375
1;22800;PINA_COLADAS;14961;29;14960;71;;;14963;29;14964;71;;;14962.0;0.0
1;22800;PEARLS;9996;2;9995;25;;;10004;2;10005;25;;;10000.0;177.0
1;22800;COCONUTS;7985;180;;;;;7988;180;;;;;7986.5;1083.75
1;22900;BANANAS;4861;2;4860;26;;;4863;1;4867;28;;;4862.0;110.30126953125
1;22900;PEARLS;9996;2;9995;26;;;10004;2;10005;26;;;10000.0;177.0
1;22900;COCONUTS;7985;184;;;;;7988;184;;;;;7986.5;1054.9375
1;22900;PINA_COLADAS;14962;96;;;;;14965;96;;;;;14963.5;0.0
1;23000;PINA_COLADAS;14961;31;14960;91;;;14963;91;;;;;14962.0;0.0
1;23000;PEARLS;9996;1;9995;22;;;10004;1;10005;22;;;10000.0;177.0
1;23000;COCONUTS;7986;78;7985;114;;;7988;192;;;;;7987.0;1041.0625
1;23000;BANANAS;4860;23;;;;;4867;23;;;;;4863.5;110.5498046875
1;23100;PINA_COLADAS;14955;111;;;;;14958;111;;;;;14956.5;0.0
1;23100;BANANAS;4860;29;;;;;4866;29;;;;;4863.0;110.9697265625
1;23100;PEARLS;9995;29;;;;;10005;29;;;;;10000.0;177.0
1;23100;COCONUTS;7985;166;;;;;7988;166;;;;;7986.5;1065.1875
1;23200;BANANAS;4860;29;;;;;4866;2;4867;27;;;4863.0;110.68798828125
1;23200;PINA_COLADAS;14957;21;14956;54;;;14959;21;14960;54;;;14958.0;0.0
1;23200;PEARLS;9996;2;9995;27;;;10004;2;10005;27;;;10000.0;177.0
1;23200;COCONUTS;7985;148;;;;;7988;148;;;;;7986.5;1053.875
1;23300;PEARLS;9996;2;9995;26;;;10004;2;10005;26;;;10000.0;177.0
1;23300;COCONUTS;7986;230;;;;;7989;230;;;;;7987.5;1009.84375
1;23300;PINA_COLADAS;14957;86;;;;;14960;86;;;;;14958.5;0.0
1;23300;BANANAS;4860;28;;;;;4861;1;4866;28;;;4860.5;110.9287109375
1;23400;PEARLS;9996;2;9995;28;;;10004;2;10005;28;;;10000.0;177.0
1;23400;COCONUTS;7986;175;;;;;7988;44;7989;131;;;7987.0;1028.75
1;23400;PINA_COLADAS;14955;40;14954;70;;;14958;110;;;;;14956.5;0.0
1;23400;BANANAS;4860;30;;;;;4861;11;4867;30;;;4860.5;113.0
1;23500;PINA_COLADAS;14953;110;;;;;14956;110;;;;;14954.5;0.0
1;23500;BANANAS;4861;9;4860;29;;;4867;29;;;;;4864.0;141.28515625
1;23500;COCONUTS;7986;203;;;;;7988;74;7989;129;;;7987.0;1027.8125
1;23500;PEARLS;9998;9;9996;1;9995;28;10004;1;10005;28;;;10001.0;177.0
1;23600;BANANAS;4861;1;4860;21;;;4865;4;4867;22;;;4863.0;143.75390625
1;23600;COCONUTS;7985;187;;;;;7988;187;;;;;7986.5;1060.65625
1;23600;PEARLS;9996;1;9995;21;;;10002;1;10004;1;10005;21;9999.0;177.0
1;23600;PINA_COLADAS;14951;95;;;;;14954;95;;;;;14952.5;0.0
1;23700;COCONUTS;7984;189;;;;;7987;189;;;;;7985.5;1112.03125
1;23700;PEARLS;9996;2;9995;30;;;10004;2;10005;30;;;10000.0;177.0
1;23700;PINA_COLADAS;14950;34;14949;73;;;14952;34;14953;73;;;14951.0;0.0
1;23700;BANANAS;4861;32;;;;;4867;32;;;;;4864.0;146.8828125
1;23800;COCONUTS;7984;75;7983;109;;;7986;184;;;;;7985.0;1169.65625
1;23800;PEARLS;10002;1;9996;1;9995;27;10004;1;10005;27;;;10003.0;177.0
1;23800;PINA_COLADAS;14947;91;;;;;14950;91;;;;;14948.5;0.0
1;23800;BANANAS;4862;28;;;;;4868;1;4869;27;;;4865.0;158.2578125
1;23900;PINA_COLADAS;14945;33;14944;70;;;14947;33;14948;70;;;14946.0;0.0
1;23900;BANANAS;4862;31;;;;;4869;31;;;;;4865.5;162.28125
1;23900;COCONUTS;7982;195;;;;;7985;195;;;;;7983.5;1249.09375
1;23900;PEARLS;9996;2;9995;29;;;10004;2;10005;29;;;10000.0;179.0
1;24000;BANANAS;4865;6;4862;24;;;4868;1;4869;23;;;4866.5;159.89453125
1;24000;COCONUTS;7984;161;;;;;7986;59;7987;102;;;7985.0;1155.875
1;24000;PEARLS;10000;2;9996;1;9995;23;10004;1;10005;23;;;10002.0;179.0
1;24000;PINA_COLADAS;14949;96;;;;;14952;96;;;;;14950.5;0.0
1;24100;COCONUTS;7983;185;;;;;7986;185;;;;;7984.5;1185.65625
1;24100;PEARLS;9995;23;;;;;10005;23;;;;;10000.0;179.0
1;24100;PINA_COLADAS;14949;94;;;;;14952;94;;;;;14950.5;0.0
1;24100;BANANAS;4861;23;;;;;4868;23;;;;;4864.5;155.9375
1;24200;COCONUTS;7985;29;7984;126;;;7987;199;;;;;7986.0;1105.28125
1;24200;PEARLS;9998;9;9996;2;9995;30;10004;2;10005;30;;;10001.0;179.0
1;24200;PINA_COLADAS;14949;84;;;;;14952;84;;;;;14950.5;0.0
1;24200;BANANAS;4863;9;4862;32;;;4869;32;;;;;4866.0;163.47265625
1;24300;PINA_COLADAS;14945;89;;;;;14948;89;;;;;14946.5;0.0
1;24300;BANANAS;4862;32;;;;;4868;32;;;;;4865.0;159.21484375
1;24300;COCONUTS;7983;71;7982;114;;;7985;185;;;;;7984.0;1225.4375
1;24300;PEARLS;9996;2;9995;30;;;10004;2;10005;30;;;10000.0;179.0
1;24400;BANANAS;4862;7;4861;22;;;4868;22;;;;;4865.0;154.0625
1;24400;COCONUTS;7982;160;;;;;7984;41;7985;119;;;7983.0;1269.34375
1;24400;PINA_COLADAS;14944;31;14943;74;;;14947;105;;;;;14945.5;0.0
1;24400;PEARLS;9998;6;9996;2;9995;20;10004;2;10005;20;;;10001.0;179.0
1;24500;COCONUTS;7983;56;7982;125;;;7985;181;;;;;7984.0;1229.09375
1;24500;PINA_COLADAS;14947;34;14946;60;;;14949;34;14950;60;;;14948.0;0.0
1;24500;PEARLS;9995;24;;;;;10002;5;10005;24;;;9998.5;179.0
1;24500;BANANAS;4861;24;;;;;4865;5;4867;24;;;4863.0;148.2578125
1;24600;PINA_COLADAS;14949;106;;;;;14952;106;;;;;14950.5;0.0
1;24600;COCONUTS;7983;202;;;;;7985;72;7986;130;;;7984.0;1215.1875
1;24600;PEARLS;9996;2;9995;23;;;10002;4;10004;2;10005;23;9999.0;179.0
1;24600;BANANAS;4862;2;4861;23;;;4863;3;4866;4;4868;25;4862.5;156.375
1;24700;PINA_COLADAS;14950;83;;;;;14953;27;14954;56;;;14951.5;0.0
1;24700;PEARLS;9998;10;9995;22;;;10005;22;;;;;10001.5;179.0
1;24700;BANANAS;4866;1;4863;10;4862;22;4869;22;;;;;4867.5;169.42578125
1;24700;COCONUTS;7983;187;;;;;7985;59;7986;128;;;7984.0;1210.0625
1;24800;PEARLS;9996;1;9995;20;;;10004;1;10005;20;;;10000.0;179.0
1;24800;BANANAS;4862;21;;;;;4864;2;4869;21;;;4863.0;173.71484375
1;24800;PINA_COLADAS;14950;84;;;;;14953;84;;;;;14951.5;0.0
1;24800;COCONUTS;7983;171;;;;;7986;171;;;;;7984.5;1177.6875
1;24900;COCONUTS;7982;192;;;;;7984;43;7985;149;;;7983.0;1272.9375
1;24900;PINA_COLADAS;14950;35;14949;59;;;14952;35;14953;59;;;14951.0;0.0
1;24900;PEARLS;9996;2;9995;28;;;10004;2;10005;28;;;10000.0;179.0
1;24900;BANANAS;4863;30;;;;;4869;2;4870;28;;;4866.0;182.0
1;25000;PINA_COLADAS;14949;74;;;;;14952;74;;;;;14950.5;0.0
1;25000;COCONUTS;7981;204;;;;;7984;204;;;;;7982.5;1305.78125
1;25000;PEARLS;9998;2;9996;2;9995;25;10004;2;10005;25;;;10001.0;179.0
1;25000;BANANAS;4863;29;;;;;4869;27;;;;;4866.0;177.109375
1;25100;PINA_COLADAS;14950;87;;;;;14951;36;14953;87;;;14950.5;0.0
1;25100;PEARLS;9996;1;9995;30;;;10004;1;10005;30;;;10000.0;179.0
1;25100;BANANAS;4863;31;;;;;4869;1;4870;30;;;4866.0;181.9609375
1;25100;COCONUTS;7982;166;;;;;7984;45;7985;121;;;7983.0;1272.21875
1;25200;BANANAS;4868;5;4864;2;4863;24;4870;26;;;;;4869.0;188.7578125
1;25200;PEARLS;9996;2;9995;24;;;10002;5;10004;2;10005;24;9999.0;179.0
1;25200;PINA_COLADAS;14950;98;;;;;14953;98;;;;;14951.5;0.0
1;25200;COCONUTS;7982;179;;;;;7985;179;;;;;7983.5;1260.03125
1;25300;COCONUTS;7983;64;7982;149;;;7985;213;;;;;7984.0;1224.125
1;25300;PINA_COLADAS;14949;24;14948;71;;;14951;24;14952;71;;;14950.0;0.0
1;25300;BANANAS;4864;28;;;;;4871;28;;;;;4867.5;197.859375
1;25300;PEARLS;9995;28;;;;;9998;1;10005;28;;;9996.5;179.0
1;25400;PINA_COLADAS;14948;28;14947;57;;;14950;28;14951;57;;;14949.0;0.0
1;25400;COCONUTS;7983;214;;;;;7986;214;;;;;7984.5;1174.8125
1;25400;BANANAS;4865;2;4864;28;;;4871;30;;;;;4868.0;201.921875
1;25400;PEARLS;9996;2;9995;28;;;10004;2;10005;28;;;10000.0;181.0
1;25500;PINA_COLADAS;14948;87;;;;;14951;87;;;;;14949.5;0.0
1;25500;BANANAS;4865;5;4864;22;;;4871;23;;;;;4868.0;202.56640625
1;25500;PEARLS;9998;1;9996;1;9995;22;10004;1;10005;22;;;10001.0;181.0
1;25500;COCONUTS;7984;163;;;;;7986;62;7987;101;;;7985.0;1150.25
1;25600;PEARLS;9996;1;9995;24;;;10002;1;10004;1;10005;24;9999.0;181.0
1;25600;BANANAS;4865;25;;;;;4870;1;4871;1;4872;24;4867.5;205.35546875
1;25600;COCONUTS;7984;201;;;;;7987;201;;;;;7985.5;1133.84375
1;25600;PINA_COLADAS;14947;98;;;;;14950;33;14951;65;;;14948.5;0.0
1;25700;PINA_COLADAS;14948;79;;;;;14951;79;;;;;14949.5;0.0
1;25700;PEARLS;9996;1;9995;21;;;10004;1;10005;21;;;10000.0;181.0
1;25700;BANANAS;4865;22;;;;;4871;22;;;;;4868.0;204.109375
1;25700;COCONUTS;7985;177;;;;;7988;177;;;;;7986.5;1070.59375
1;25800;PINA_COLADAS;14947;97;;;;;14950;28;14951;69;;;14948.5;0.0
1;25800;PEARLS;9998;1;9995;20;;;10005;20;;;;;10001.5;181.0
1;25800;BANANAS;4866;1;4865;20;;;4872;20;;;;;4869.0;206.4609375
1;25800;COCONUTS;7984;199;;;;;7987;199;;;;;7985.5;1113.5
1;25900;PINA_COLADAS;14947;87;;;;;14950;87;;;;;14948.5;0.0
1;25900;PEARLS;10002;2;9995;30;;;10005;30;;;;;10003.5;181.0
1;25900;BANANAS;4864;30;;;;;4871;30;;;;;4867.5;203.34375
1;25900;COCONUTS;7984;196;;;;;7987;196;;;;;7985.5;1135.375
1;26000;PEARLS;9996;1;9995;21;;;9998;1;10004;1;10005;21;9997.0;185.0
1;26000;BANANAS;4865;1;4864;21;;;4871;22;;;;;4868.0;202.39453125
1;26000;COCONUTS;7983;207;;;;;7986;207;;;;;7984.5;1183.53125
1;26000;PINA_COLADAS;14945;84;;;;;14948;84;;;;;14946.5;0.0
1;26100;PINA_COLADAS;14945;100;;;;;14948;100;;;;;14946.5;0.0
1;26100;PEARLS;9996;1;9995;28;;;10004;1;10005;28;;;10000.0;187.0
1;26100;BANANAS;4865;28;;;;;4871;1;4872;28;;;4868.0;205.734375
1;26100;COCONUTS;7984;198;;;;;7987;198;;;;;7985.5;1146.125
1;26200;PINA_COLADAS;14943;101;;;;;14944;24;14946;101;;;14943.5;0.0
1;26200;PEARLS;9998;2;9996;2;9995;30;10004;2;10005;30;;;10001.0;187.0
1;26200;BANANAS;4869;3;4865;4;4864;30;4871;32;;;;;4870.0;203.08984375
1;26200;COCONUTS;7983;206;;;;;7986;206;;;;;7984.5;1204.0625
1;26300;PINA_COLADAS;14944;94;;;;;14947;94;;;;;14945.5;0.0
1;26300;PEARLS;9996;1;9995;22;;;10002;8;10004;1;10005;22;9999.0;187.0
1;26300;BANANAS;4865;23;;;;;4870;8;4871;23;;;4867.5;207.310546875
1;26300;COCONUTS;7983;46;7982;127;;;7985;173;;;;;7984.0;1222.8125
1;26400;PEARLS;9996;1;9995;23;;;10004;1;10005;23;;;10000.0;187.0
1;26400;BANANAS;4865;24;;;;;4872;24;;;;;4868.5;208.833984375
1;26400;COCONUTS;7985;177;;;;;7986;49;7987;77;7988;100;7985.5;1090.53125
1;26400;PINA_COLADAS;14947;101;;;;;14950;101;;;;;14948.5;0.0
1;26500;PINA_COLADAS;14950;112;;;;;14953;112;;;;;14951.5;0.0
1;26500;PEARLS;9996;2;9995;27;;;10002;3;10004;2;10005;27;9999.0;187.0
1;26500;BANANAS;4866;2;4865;27;;;4870;3;4872;29;;;4868.0;210.623046875
1;26500;COCONUTS;7985;190;;;;;7988;190;;;;;7986.5;1054.28125
1;26600;PINA_COLADAS;14952;103;;;;;14955;103;;;;;14953.5;0.0
1;26600;PEARLS;9996;1;9995;27;;;10004;1;10005;27;;;10000.0;187.0
1;26600;BANANAS;4865;28;;;;;4871;1;4872;27;;;4868.0;208.591796875
1;26600;COCONUTS;7986;181;;;;;7989;181;;;;;7987.5;993.0
1;26700;BANANAS;4867;24;;;;;4873;24;;;;;4870.0;217.13671875
1;26700;COCONUTS;7987;208;;;;;7990;208;;;;;7988.5;938.875
1;26700;PINA_COLADAS;14956;106;;;;;14957;24;14959;106;;;14956.5;0.0
1;26700;PEARLS;9995;24;;;;;10005;24;;;;;10000.0;187.0
1;26800;BANANAS;4872;1;4867;26;;;4873;2;4874;24;;;4872.5;217.849609375
1;26800;PEARLS;9996;2;9995;24;;;10004;2;10005;24;;;10000.0;187.0
1;26800;COCONUTS;7988;79;7987;138;;;7990;217;;;;;7989.0;918.09375
1;26800;PINA_COLADAS;14955;28;14954;74;;;14957;28;14958;74;;;14956.0;0.0
1;26900;BANANAS;4866;30;;;;;4873;30;;;;;4869.5;218.513671875
1;26900;PINA_COLADAS;14953;96;;;;;14956;96;;;;;14954.5;0.0
1;26900;PEARLS;9995;30;;;;;9998;1;10005;30;;;9996.5;187.0
1;26900;COCONUTS;7988;181;;;;;7990;50;7991;131;;;7989.0;912.71875
1;27000;PINA_COLADAS;14951;107;;;;;14954;107;;;;;14952.5;0.0
1;27000;BANANAS;4867;1;4866;26;;;4873;27;;;;;4870.0;218.3125
1;27000;PEARLS;9996;1;9995;26;;;10004;1;10005;26;;;10000.0;189.0
1;27000;COCONUTS;7988;58;7987;147;;;7990;205;;;;;7989.0;922.59375
1;27100;BANANAS;4866;22;;;;;4872;1;4873;21;;;4869.0;216.123046875
1;27100;PINA_COLADAS;14949;84;;;;;14952;84;;;;;14950.5;0.0
1;27100;PEARLS;9996;1;9995;21;;;10004;1;10005;21;;;10000.0;189.0
1;27100;COCONUTS;7987;204;;;;;7990;204;;;;;7988.5;959.21875
1;27200;BANANAS;4866;24;;;;;4871;5;4872;2;4873;22;4868.5;216.1796875
1;27200;PEARLS;9996;2;9995;22;;;10002;5;10004;2;10005;22;9999.0;189.0
1;27200;COCONUTS;7987;54;7986;120;;;7989;174;;;;;7988.0;981.21875
1;27200;PINA_COLADAS;14947;20;14946;74;;;14950;94;;;;;14948.5;0.0
1;27300;BANANAS;4866;26;;;;;4872;26;;;;;4869.0;215.25390625
1;27300;PINA_COLADAS;14945;78;;;;;14948;78;;;;;14946.5;0.0
1;27300;PEARLS;9995;26;;;;;10005;26;;;;;10000.0;189.0
1;27300;COCONUTS;7986;179;;;;;7987;65;7989;179;;;7986.5;1014.6875
1;27400;PINA_COLADAS;14950;96;;;;;14953;96;;;;;14951.5;0.0
1;27400;PEARLS;9995;27;;;;;10005;27;;;;;10000.0;189.0
1;27400;COCONUTS;7988;70;7987;216;;;7989;74;7990;142;;;7988.5;965.6875
1;27400;BANANAS;4865;27;;;;;4872;27;;;;;4868.5;213.84765625
1;27500;BANANAS;4866;26;;;;;4873;26;;;;;4869.5;215.541015625
1;27500;PINA_COLADAS;14952;34;14951;69;;;14954;34;14955;69;;;14953.0;0.0
1;27500;PEARLS;9995;26;;;;;10005;26;;;;;10000.0;189.0
1;27500;COCONUTS;7988;176;;;;;7991;176;;;;;7989.5;880.46875
1;27600;PEARLS;9995;25;;;;;10005;25;;;;;10000.0;189.0
1;27600;COCONUTS;7988;206;;;;;7991;206;;;;;7989.5;872.125
1;27600;BANANAS;4866;25;;;;;4873;25;;;;;4869.5;220.1484375
1;27600;PINA_COLADAS;14951;31;14950;53;;;14953;31;14954;53;;;14952.0;0.0
1;27700;BANANAS;4867;24;;;;;4873;2;4874;22;;;4870.0;221.365234375
1;27700;PINA_COLADAS;14955;89;;;;;14958;89;;;;;14956.5;0.0
1;27700;PEARLS;9996;2;9995;22;;;10004;2;10005;22;;;10000.0;189.0
1;27700;COCONUTS;7989;163;;;;;7992;163;;;;;7990.5;838.5625
1;27800;PINA_COLADAS;14956;96;;;;;14959;96;;;;;14957.5;0.0
1;27800;PEARLS;10002;1;9995;22;;;10005;22;;;;;10003.5;189.0
1;27800;COCONUTS;7990;54;7989;162;;;7992;162;;;;;7991.0;823.375
1;27800;BANANAS;4867;22;;;;;4874;22;;;;;4870.5;221.359375
1;27900;BANANAS;4867;22;;;;;4873;22;;;;;4870.0;221.025390625
1;27900;COCONUTS;7989;42;7988;141;;;7991;183;;;;;7990.0;864.5
1;27900;PEARLS;9995;22;;;;;10005;22;;;;;10000.0;191.0
1;27900;PINA_COLADAS;14955;33;14954;58;;;14958;91;;;;;14956.5;0.0
1;28000;COCONUTS;7989;202;;;;;7991;69;7992;133;;;7990.0;853.09375
1;28000;PEARLS;9998;8;9996;2;9995;26;10000;4;10004;2;10005;26;9999.0;191.0
1;28000;BANANAS;4868;8;4867;28;;;4873;28;;;;;4870.5;221.1845703125
1;28000;PINA_COLADAS;14956;38;14955;59;;;14958;38;14959;59;;;14957.0;0.0
1;28100;BANANAS;4868;1;4867;22;;;4874;23;;;;;4871.0;223.3525390625
1;28100;COCONUTS;7990;215;;;;;7993;215;;;;;7991.5;746.6875
1;28100;PEARLS;9996;1;9995;22;;;10004;1;10005;22;;;10000.0;191.0
1;28100;PINA_COLADAS;14961;89;;;;;14964;89;;;;;14962.5;0.0
1;28200;PINA_COLADAS;14959;95;;;;;14962;95;;;;;14960.5;0.0
1;28200;COCONUTS;7990;76;7989;132;;;7992;208;;;;;7991.0;796.09375
1;28200;PEARLS;9996;1;9995;23;;;9998;1;10004;1;10005;23;9997.0;191.0
1;28200;BANANAS;4868;24;;;;;4869;3;4874;1;4875;23;4868.5;224.525390625
1;28300;BANANAS;4869;3;4868;21;;;4874;21;;;;;4871.5;229.71484375
1;28300;COCONUTS;7990;173;;;;;7992;47;7993;126;;;7991.0;785.3125
1;28300;PEARLS;9998;3;9995;21;;;10005;21;;;;;10001.5;193.0
1;28300;PINA_COLADAS;14960;100;;;;;14963;100;;;;;14961.5;0.0
1;28400;COCONUTS;7990;226;;;;;7993;226;;;;;7991.5;771.15625
1;28400;PEARLS;10002;4;9996;1;9995;21;10004;1;10005;21;;;10003.0;193.0
1;28400;BANANAS;4868;22;;;;;4874;22;;;;;4871.0;229.64453125
1;28400;PINA_COLADAS;14961;105;;;;;14964;105;;;;;14962.5;0.0
1;28500;BANANAS;4868;27;;;;;4874;27;;;;;4871.0;230.134765625
1;28500;COCONUTS;7989;160;;;;;7992;160;;;;;7990.5;811.96875
1;28500;PEARLS;10002;7;9996;1;9995;26;10004;1;10005;26;;;10003.0;201.0
1;28500;PINA_COLADAS;14959;81;;;;;14962;81;;;;;14960.5;0.0
1;28600;PINA_COLADAS;14957;75;;;;;14960;75;;;;;14958.5;0.0
1;28600;COCONUTS;7989;207;;;;;7990;64;7991;79;7992;128;7989.5;845.34375
1;28600;PEARLS;9995;28;;;;;10002;7;10005;28;;;9998.5;215.0
1;28600;BANANAS;4867;28;;;;;4872;8;4874;28;;;4869.5;226.5390625
1;28700;BANANAS;4868;1;4867;27;;;4874;28;;;;;4871.0;228.8671875
1;28700;COCONUTS;7988;207;;;;;7991;207;;;;;7989.5;888.65625
1;28700;PEARLS;9996;1;9995;27;;;10004;1;10005;27;;;10000.0;215.0
1;28700;PINA_COLADAS;14958;29;14957;62;;;14960;29;14961;62;;;14959.0;0.0
1;28800;COCONUTS;7988;214;;;;;7991;214;;;;;7989.5;870.1875
1;28800;PEARLS;9995;30;;;;;10005;30;;;;;10000.0;215.0
1;28800;BANANAS;4867;30;;;;;4874;30;;;;;4870.5;224.80859375
1;28800;PINA_COLADAS;14958;107;;;;;14961;107;;;;;14959.5;0.0
1;28900;PEARLS;9996;1;9995;23;;;10004;1;10005;23;;;10000.0;215.0
1;28900;BANANAS;4867;24;;;;;4873;24;;;;;4870.0;223.6328125
1;28900;COCONUTS;7990;11;7989;173;;;7991;48;7992;125;;;7990.5;852.6875
1;28900;PINA_COLADAS;14958;98;;;;;14961;98;;;;;14959.5;0.0
1;29000;PINA_COLADAS;14956;94;;;;;14959;94;;;;;14957.5;0.0
1;29000;COCONUTS;7989;68;7988;125;;;7991;193;;;;;7990.0;854.90625
1;29000;PEARLS;9995;25;;;;;10005;25;;;;;10000.0;215.0
1;29000;BANANAS;4866;25;;;;;4873;25;;;;;4869.5;222.529296875
1;29100;PEARLS;10002;1;9995;30;;;10005;30;;;;;10003.5;215.0
1;29100;BANANAS;4872;1;4866;30;;;4873;30;;;;;4872.5;223.08984375
1;29100;PINA_COLADAS;14957;29;14956;82;;;14959;82;;;;;14958.0;0.0
1;29100;COCONUTS;7988;169;;;;;7990;43;7991;126;;;7989.0;907.75
1;29200;COCONUTS;7987;204;;;;;7989;74;7990;130;;;7988.0;965.28125
1;29200;PEARLS;9995;20;;;;;10002;1;10005;20;;;9998.5;217.0
1;29200;BANANAS;4869;1;4866;20;;;4871;1;4873;20;;;4870.0;223.712890625
1;29200;PINA_COLADAS;14955;68;;;;;14958;76;;;;;14956.5;0.0
1;29300;PEARLS;9998;3;9996;2;9995;21;10004;2;10005;21;;;10001.0;217.0
1;29300;BANANAS;4867;3;4866;23;;;4873;23;;;;;4870.0;223.05859375
1;29300;PINA_COLADAS;14957;94;;;;;14960;94;;;;;14958.5;0.0
1;29300;COCONUTS;7988;150;;;;;7991;150;;;;;7989.5;889.28125
1;29400;PINA_COLADAS;14958;92;;;;;14961;92;;;;;14959.5;0.0
1;29400;COCONUTS;7987;158;;;;;7990;158;;;;;7988.5;928.9375
1;29400;PEARLS;9996;1;9995;24;;;10002;8;10004;1;10005;24;9999.0;217.0
1;29400;BANANAS;4865;25;;;;;4870;7;4872;25;;;4867.5;218.80078125
1;29500;PEARLS;9995;23;;;;;10005;23;;;;;10000.0;217.0
1;29500;BANANAS;4865;23;;;;;4872;23;;;;;4868.5;216.529296875
1;29500;PINA_COLADAS;14958;98;;;;;14961;98;;;;;14959.5;0.0
1;29500;COCONUTS;7987;48;7986;132;;;7989;180;;;;;7988.0;979.3125
1;29600;COCONUTS;7987;202;;;;;7989;73;7990;129;;;7988.0;965.21875
1;29600;PEARLS;9995;27;;;;;10005;27;;;;;10000.0;217.0
1;29600;BANANAS;4865;27;;;;;4872;27;;;;;4868.5;218.958984375
1;29600;PINA_COLADAS;14958;74;;;;;14961;21;14962;53;;;14959.5;0.0
1;29700;BANANAS;4871;1;4867;1;4866;31;4873;31;;;;;4872.0;223.05859375
1;29700;PEARLS;9998;1;9996;2;9995;29;10004;2;10005;29;;;10001.0;217.0
1;29700;PINA_COLADAS;14959;30;14958;52;;;14961;30;14962;52;;;14960.0;0.0
1;29700;COCONUTS;7987;168;;;;;7990;168;;;;;7988.5;943.71875
1;29800;PINA_COLADAS;14954;101;;;;;14957;101;;;;;14955.5;0.0
1;29800;COCONUTS;7986;190;;;;;7988;71;7989;119;;;7987.0;1029.03125
1;29800;BANANAS;4866;24;;;;;4872;1;4873;23;;;4869.0;221.955078125
1;29800;PEARLS;9996;1;9995;23;;;10004;1;10005;23;;;10000.0;217.0
1;29900;BANANAS;4867;8;4866;25;;;4872;25;;;;;4869.5;221.34375
1;29900;PEARLS;10000;2;9998;8;9995;25;10005;25;;;;;10002.5;217.0
1;29900;PINA_COLADAS;14952;87;;;;;14955;87;;;;;14953.5;0.0
1;29900;COCONUTS;7986;78;7985;128;;;7988;206;;;;;7987.0;1042.75
1;30000;COCONUTS;7986;178;;;;;7988;61;7989;117;;;7987.0;1029.4375
1;30000;PEARLS;10000;2;9995;26;;;10005;26;;;;;10002.5;217.0
1;30000;BANANAS;4866;26;;;;;4873;26;;;;;4869.5;222.59765625
1;30000;PINA_COLADAS;14953;29;14952;58;;;14955;29;14956;58;;;14954.0;0.0
1;30100;PEARLS;9995;28;;;;;10002;10;10005;28;;;9998.5;217.0
1;30100;BANANAS;4866;28;;;;;4871;10;4873;28;;;4868.5;222.923828125
1;30100;COCONUTS;7986;27;7985;211;;;7987;79;7988;132;;;7986.5;1093.0625
1;30100;PINA_COLADAS;14952;88;;;;;14955;24;14956;64;;;14953.5;0.0
1;30200;PINA_COLADAS;14954;95;;;;;14957;40;14958;55;;;14955.5;0.0
1;30200;PEARLS;9998;3;9996;2;9995;24;10004;2;10005;24;;;10001.0;217.0
1;30200;BANANAS;4867;3;4866;26;;;4872;2;4873;24;;;4869.5;222.34375
1;30200;COCONUTS;7986;162;;;;;7988;46;7989;116;;;7987.0;1034.0
1;30300;PEARLS;10002;1;9998;10;9995;23;10005;23;;;;;10003.5;217.0
1;30300;BANANAS;4871;1;4866;10;4865;23;4872;23;;;;;4871.5;220.568359375
1;30300;COCONUTS;7983;200;;;;;7986;200;;;;;7984.5;1199.90625
1;30300;PINA_COLADAS;14949;24;14948;72;;;14951;24;14952;72;;;14950.0;0.0
1;30400;PEARLS;9996;2;9995;24;;;10004;2;10005;24;;;10000.0;219.0
1;30400;BANANAS;4867;2;4866;24;;;4873;26;;;;;4870.0;226.453125
1;30400;COCONUTS;7983;162;;;;;7986;162;;;;;7984.5;1183.8125
1;30400;PINA_COLADAS;14949;80;;;;;14952;80;;;;;14950.5;0.0
1;30500;PEARLS;9996;1;9995;20;;;10004;1;10005;20;;;10000.0;219.0
1;30500;BANANAS;4867;1;4866;20;;;4873;21;;;;;4870.0;226.51953125
1;30500;COCONUTS;7983;71;7982;221;;;7985;221;;;;;7984.0;1234.90625
1;30500;PINA_COLADAS;14947;101;;;;;14950;101;;;;;14948.5;0.0
1;30600;PINA_COLADAS;14945;31;14944;68;;;14948;99;;;;;14946.5;0.0
1;30600;PEARLS;10000;3;9998;8;9996;1;10004;1;10005;25;;;10002.0;219.0
1;30600;BANANAS;4868;8;4867;26;;;4873;1;4874;25;;;4870.5;227.43359375
1;30600;COCONUTS;7981;150;;;;;7984;150;;;;;7982.5;1302.9375
1;30700;PEARLS;9995;24;;;;;10005;24;;;;;10000.0;219.0
1;30700;BANANAS;4866;24;;;;;4873;24;;;;;4869.5;226.310546875
1;30700;COCONUTS;7981;65;7980;149;;;7983;214;;;;;7982.0;1354.25
1;30700;PINA_COLADAS;14944;79;;;;;14947;79;;;;;14945.5;0.0
1;30800;PEARLS;10002;11;9996;2;9995;29;10004;2;10005;29;;;10003.0;219.0
1;30800;BANANAS;4871;12;4866;31;;;4873;31;;;;;4872.0;225.4140625
1;30800;COCONUTS;7981;158;;;;;7983;53;7984;105;;;7982.0;1340.46875
1;30800;PINA_COLADAS;14944;28;14943;94;;;14946;94;;;;;14945.0;0.0
1;30900;PEARLS;10002;1;9998;9;9996;1;10004;1;10005;24;;;10003.0;241.0
1;30900;BANANAS;4871;1;4867;9;4866;25;4873;25;;;;;4872.0;244.06640625
1;30900;COCONUTS;7981;186;;;;;7983;49;7984;137;;;7982.0;1338.53125
1;30900;PINA_COLADAS;14942;20;14941;63;;;14945;83;;;;;14943.5;0.0
1;31000;PINA_COLADAS;14942;24;14941;66;;;14944;24;14945;66;;;14943.0;0.0
1;31000;PEARLS;9996;1;9995;30;;;10004;1;10005;30;;;10000.0;243.0
1;31000;BANANAS;4871;1;4866;31;;;4872;1;4873;30;;;4871.5;246.00390625
1;31000;COCONUTS;7980;196;;;;;7983;196;;;;;7981.5;1377.15625
1;31100;BANANAS;4866;28;;;;;4870;7;4872;28;;;4868.0;248.8828125
1;31100;COCONUTS;7980;173;;;;;7983;173;;;;;7981.5;1381.25
1;31100;PEARLS;9996;2;9995;26;;;10002;7;10004;2;10005;26;9999.0;243.0
1;31100;PINA_COLADAS;14941;27;14940;59;;;14943;27;14944;59;;;14942.0;0.0
1;31200;BANANAS;4866;26;;;;;4869;4;4871;4;4873;26;4867.5;246.73828125
1;31200;COCONUTS;7979;152;;;;;7982;152;;;;;7980.5;1430.65625
1;31200;PINA_COLADAS;14938;26;14937;58;;;14940;26;14941;58;;;14939.0;0.0
1;31200;PEARLS;9995;26;;;;;10002;4;10005;26;;;9998.5;243.0
1;31300;PINA_COLADAS;14938;76;;;;;14941;76;;;;;14939.5;0.0
1;31300;BANANAS;4872;1;4866;26;;;4873;26;;;;;4872.5;243.875
1;31300;PEARLS;9995;26;;;;;10005;26;;;;;10000.0;243.0
1;31300;COCONUTS;7979;189;;;;;7982;189;;;;;7980.5;1443.125
1;31400;BANANAS;4866;24;;;;;4871;6;4873;24;;;4868.5;248.5859375
1;31400;PINA_COLADAS;14938;38;14937;70;;;14941;108;;;;;14939.5;0.0
1;31400;PEARLS;9996;1;9995;23;;;10002;6;10004;1;10005;23;9999.0;243.0
1;31400;COCONUTS;7979;206;;;;;7982;206;;;;;7980.5;1429.78125
1;31500;BANANAS;4866;27;;;;;4873;27;;;;;4869.5;247.21875
1;31500;PEARLS;9996;1;9995;26;;;10004;1;10005;26;;;10000.0;243.0
1;31500;COCONUTS;7981;79;7980;135;;;7983;214;;;;;7982.0;1349.1875
1;31500;PINA_COLADAS;14941;104;;;;;14944;104;;;;;14942.5;0.0
1;31600;BANANAS;4866;20;;;;;4872;20;;;;;4869.0;252.65625
1;31600;PINA_COLADAS;14944;93;;;;;14947;93;;;;;14945.5;0.0
1;31600;PEARLS;9995;20;;;;;10005;20;;;;;10000.0;243.0
1;31600;COCONUTS;7981;210;;;;;7984;210;;;;;7982.5;1299.65625
1;31700;PINA_COLADAS;14943;107;;;;;14946;107;;;;;14944.5;0.0
1;31700;BANANAS;4870;1;4865;20;;;4872;20;;;;;4871.0;258.38671875
1;31700;PEARLS;9995;20;;;;;10005;20;;;;;10000.0;243.0
1;31700;COCONUTS;7981;186;;;;;7983;70;7984;116;;;7982.0;1336.0625
1;31800;BANANAS;4865;30;;;;;4871;30;;;;;4868.0;232.0
1;31800;PINA_COLADAS;14940;101;;;;;14943;101;;;;;14941.5;0.0
1;31800;PEARLS;9996;1;9995;29;;;10004;1;10005;29;;;10000.0;243.0
1;31800;COCONUTS;7979;205;;;;;7982;205;;;;;7980.5;1424.625
1;31900;PEARLS;9995;27;;;;;10005;27;;;;;10000.0;243.0
1;31900;COCONUTS;7980;62;7979;127;;;7982;189;;;;;7981.0;1410.46875
1;31900;PINA_COLADAS;14940;94;;;;;14943;94;;;;;14941.5;0.0
1;31900;BANANAS;4864;27;;;;;4871;27;;;;;4867.5;232.0
1;32000;PINA_COLADAS;14942;44;14941;56;;;14944;23;14945;56;;;14943.0;0.0
1;32000;PEARLS;9996;2;9995;27;;;10004;2;10005;27;;;10000.0;243.0
1;32000;COCONUTS;7980;201;;;;;7983;201;;;;;7981.5;1356.9375
1;32000;BANANAS;4865;29;;;;;4871;29;;;;;4868.0;232.0
1;32100;PINA_COLADAS;14941;86;;;;;14944;86;;;;;14942.5;0.0
1;32100;BANANAS;4865;20;;;;;4872;20;;;;;4868.5;232.0
1;32100;PEARLS;9995;20;;;;;10005;20;;;;;10000.0;243.0
1;32100;COCONUTS;7981;188;;;;;7984;188;;;;;7982.5;1302.15625
1;32200;BANANAS;4865;22;;;;;4870;7;4872;22;;;4867.5;232.0
1;32200;PEARLS;9996;2;9995;20;;;10000;4;10002;7;10004;2;9998.0;243.0
1;32200;COCONUTS;7982;162;;;;;7985;162;;;;;7983.5;1242.0625
1;32200;PINA_COLADAS;14944;69;14943;55;;;14946;32;14947;55;;;14945.0;0.0
1;32300;PEARLS;10002;1;9998;3;9996;2;10004;2;10005;27;;;10003.0;243.0
1;32300;COCONUTS;7983;218;;;;;7986;218;;;;;7984.5;1202.59375
1;32300;PINA_COLADAS;14945;97;;;;;14946;25;14948;97;;;14945.5;0.0
1;32300;BANANAS;4868;5;4867;3;4866;29;4872;29;;;;;4870.0;232.0
1;32400;COCONUTS;7982;62;7981;104;;;7984;166;;;;;7983.0;1282.1875
1;32400;PEARLS;9996;1;9995;28;;;10004;1;10005;28;;;10000.0;245.0
1;32400;PINA_COLADAS;14943;101;;;;;14946;101;;;;;14944.5;0.0
1;32400;BANANAS;4866;29;;;;;4872;1;4873;28;;;4869.0;232.0
1;32500;PINA_COLADAS;14943;78;;;;;14946;78;;;;;14944.5;0.0
1;32500;BANANAS;4866;5;4865;31;;;4872;31;;;;;4869.0;232.0
1;32500;COCONUTS;7982;45;7981;116;;;7984;161;;;;;7983.0;1281.5
1;32500;PEARLS;9998;5;9996;2;9995;29;10004;2;10005;29;;;10001.0;245.0
1;32600;BANANAS;4865;23;;;;;4872;23;;;;;4868.5;232.0
1;32600;COCONUTS;7982;176;;;;;7985;176;;;;;7983.5;1241.65625
1;32600;PEARLS;9995;23;;;;;10005;23;;;;;10000.0;245.0
1;32600;PINA_COLADAS;14945;82;;;;;14948;82;;;;;14946.5;0.0
1;32700;COCONUTS;7981;180;;;;;7984;180;;;;;7982.5;1301.53125
1;32700;PEARLS;10002;3;9996;1;9995;21;10004;1;10005;21;;;10003.0;245.0
1;32700;PINA_COLADAS;14943;104;;;;;14946;104;;;;;14944.5;0.0
1;32700;BANANAS;4870;12;4865;22;;;4872;22;;;;;4871.0;232.0
1;32800;COCONUTS;7982;40;7981;103;;;7984;143;;;;;7983.0;1284.78125
1;32800;PEARLS;9995;24;;;;;10005;24;;;;;10000.0;251.0
1;32800;PINA_COLADAS;14940;88;;;;;14943;88;;;;;14941.5;0.0
1;32800;BANANAS;4865;24;;;;;4872;24;;;;;4868.5;253.8203125
1;32900;PINA_COLADAS;14943;78;;;;;14946;78;;;;;14944.5;0.0
1;32900;BANANAS;4865;27;;;;;4872;28;;;;;4868.5;251.8671875
1;32900;COCONUTS;7981;197;;;;;7984;197;;;;;7982.5;1296.40625
1;32900;PEARLS;9995;28;;;;;10005;28;;;;;10000.0;251.0
1;33000;BANANAS;4865;22;;;;;4872;22;;;;;4868.5;251.921875
1;33000;COCONUTS;7982;65;7981;110;;;7984;175;;;;;7983.0;1290.875
1;33000;PEARLS;9995;22;;;;;10000;6;10005;22;;;9997.5;251.0
1;33000;PINA_COLADAS;14942;31;14941;60;;;14945;91;;;;;14943.5;0.0
1;33100;COCONUTS;7982;171;;;;;7984;52;7985;119;;;7983.0;1275.875
1;33100;PEARLS;9998;7;9995;21;;;10005;21;;;;;10001.5;251.0
1;33100;PINA_COLADAS;14940;97;;;;;14943;31;14944;66;;;14941.5;0.0
1;33100;BANANAS;4866;6;4865;21;;;4871;21;;;;;4868.5;256.41015625
1;33200;COCONUTS;7982;80;7981;122;;;7984;202;;;;;7983.0;1286.875
1;33200;PEARLS;9995;27;;;;;10005;27;;;;;10000.0;251.0
1;33200;PINA_COLADAS;14938;34;14937;74;;;14940;34;14941;74;;;14939.0;0.0
1;33200;BANANAS;4870;9;4865;27;;;4872;27;;;;;4871.0;246.421875
1;33300;PINA_COLADAS;14940;89;;;;;14943;89;;;;;14941.5;0.0
1;33300;BANANAS;4865;25;;;;;4870;6;4872;25;;;4867.5;254.65625
1;33300;COCONUTS;7983;66;7982;114;;;7985;180;;;;;7984.0;1221.09375
1;33300;PEARLS;9995;25;;;;;10002;6;10005;25;;;9998.5;251.0
1;33400;PEARLS;9998;2;9996;1;9995;20;10004;1;10005;20;;;10001.0;251.0
1;33400;BANANAS;4867;2;4866;21;;;4872;21;;;;;4869.5;252.3203125
1;33400;COCONUTS;7983;223;;;;;7986;223;;;;;7984.5;1183.59375
1;33400;PINA_COLADAS;14942;38;14941;65;;;14945;103;;;;;14943.5;0.0
1;33500;COCONUTS;7983;140;;;;;7985;40;7986;100;;;7984.0;1218.9375
1;33500;PINA_COLADAS;14940;87;;;;;14943;21;14944;66;;;14941.5;0.0
1;33500;PEARLS;9996;1;9995;25;;;10004;1;10005;25;;;10000.0;251.0
1;33500;BANANAS;4866;1;4865;25;;;4872;26;;;;;4869.0;257.65625
1;33600;PINA_COLADAS;14946;29;14945;68;;;14948;29;14949;68;;;14947.0;0.0
1;33600;COCONUTS;7984;183;;;;;7987;183;;;;;7985.5;1142.75
1;33600;PEARLS;9996;2;9995;26;;;10004;2;10005;26;;;10000.0;251.0
1;33600;BANANAS;4866;28;;;;;4872;28;;;;;4869.0;252.84375
1;33700;PINA_COLADAS;14949;90;;;;;14952;90;;;;;14950.5;0.0
1;33700;PEARLS;9996;2;9995;27;;;10004;2;10005;27;;;10000.0;251.0
1;33700;BANANAS;4866;29;;;;;4872;2;4873;27;;;4869.0;248.6875
1;33700;COCONUTS;7986;183;;;;;7988;54;7989;129;;;7987.0;1035.6875
1;33800;PEARLS;9998;6;9996;1;9995;24;10004;1;10005;24;;;10001.0;251.0
1;33800;BANANAS;4867;6;4866;25;;;4872;1;4873;24;;;4869.5;247.4375
1;33800;PINA_COLADAS;14950;111;;;;;14953;37;14954;74;;;14951.5;0.0
1;33800;COCONUTS;7986;188;;;;;7989;188;;;;;7987.5;998.34375
1;33900;COCONUTS;7986;199;;;;;7987;51;7989;199;;;7986.5;1020.28125
1;33900;PINA_COLADAS;14951;101;;;;;14954;101;;;;;14952.5;0.0
1;33900;PEARLS;9995;20;;;;;10002;7;10005;20;;;9998.5;251.0
1;33900;BANANAS;4866;20;;;;;4871;7;4873;20;;;4868.5;250.015625
1;34000;PINA_COLADAS;14954;13;14953;37;14952;55;14955;37;14956;55;;;14954.5;0.0
1;34000;COCONUTS;7986;209;;;;;7989;209;;;;;7987.5;1016.09375
1;34000;PEARLS;9996;2;9995;25;;;10004;2;10005;25;;;10000.0;251.0
1;34000;BANANAS;4866;2;4865;25;;;4872;27;;;;;4869.0;255.9765625
1;34100;PINA_COLADAS;14953;99;;;;;14956;99;;;;;14954.5;0.0
1;34100;BANANAS;4865;29;;;;;4872;29;;;;;4868.5;265.3984375
1;34100;PEARLS;9995;29;;;;;10005;29;;;;;10000.0;251.0
1;34100;COCONUTS;7987;150;;;;;7989;46;7990;104;;;7988.0;972.78125
1;34200;BANANAS;4865;22;;;;;4871;1;4872;21;;;4868.0;267.5
1;34200;PEARLS;9996;1;9995;21;;;10004;1;10005;21;;;10000.0;251.0
1;34200;PINA_COLADAS;14955;96;;;;;14958;96;;;;;14956.5;0.0
1;34200;COCONUTS;7988;204;;;;;7990;204;;;;;7989.0;915.0625
1;34300;COCONUTS;7988;174;;;;;7991;174;;;;;7989.5;881.0
1;34300;PINA_COLADAS;14957;26;14956;95;;;14959;95;;;;;14958.0;0.0
1;34300;BANANAS;4864;30;;;;;4871;30;;;;;4867.5;279.28125
1;34300;PEARLS;9995;30;;;;;10005;30;;;;;10000.0;251.0
1;34400;COCONUTS;7987;164;;;;;7990;164;;;;;7988.5;941.65625
1;34400;PINA_COLADAS;14953;110;;;;;14956;110;;;;;14954.5;0.0
1;34400;BANANAS;4864;26;;;;;4871;26;;;;;4867.5;285.1328125
1;34400;PEARLS;9996;1;9995;25;;;10004;1;10005;25;;;10000.0;251.0
1;34500;PINA_COLADAS;14953;38;14952;74;;;14956;112;;;;;14954.5;0.0
1;34500;PEARLS;9995;21;;;;;10005;21;;;;;10000.0;251.0
1;34500;BANANAS;4864;21;;;;;4870;21;;;;;4867.0;290.984375
1;34500;COCONUTS;7987;204;;;;;7989;79;7990;125;;;7988.0;968.09375
1;34600;PEARLS;9996;2;9995;20;;;10004;2;10005;20;;;10000.0;251.0
1;34600;BANANAS;4864;22;;;;;4871;22;;;;;4867.5;282.78125
1;34600;COCONUTS;7987;153;;;;;7989;41;7990;112;;;7988.0;971.53125
1;34600;PINA_COLADAS;14954;100;;;;;14957;100;;;;;14955.5;0.0
1;34700;PINA_COLADAS;14951;86;;;;;14954;86;;;;;14952.5;0.0
1;34700;PEARLS;9995;29;;;;;10005;29;;;;;10000.0;251.0
1;34700;BANANAS;4864;29;;;;;4871;29;;;;;4867.5;284.7421875
1;34700;COCONUTS;7986;157;;;;;7988;50;7989;107;;;7987.0;1030.53125
1;34800;PINA_COLADAS;14951;105;;;;;14954;34;14955;71;;;14952.5;0.0
1;34800;PEARLS;10002;4;10000;4;9995;27;10005;27;;;;;10003.5;251.0
1;34800;BANANAS;4864;27;;;;;4871;27;;;;;4867.5;285.296875
1;34800;COCONUTS;7986;165;;;;;7988;52;7989;113;;;7987.0;1029.0625
1;34900;PINA_COLADAS;14952;27;14951;69;;;14955;96;;;;;14953.5;0.0
1;34900;PEARLS;9995;26;;;;;10002;9;10005;26;;;9998.5;259.0
1;34900;BANANAS;4864;26;;;;;4869;9;4871;26;;;4866.5;285.953125
1;34900;COCONUTS;7986;191;;;;;7988;47;7989;144;;;7987.0;1029.34375
1;35000;PEARLS;9998;7;9995;24;;;10005;24;;;;;10001.5;259.0
1;35000;BANANAS;4865;7;4864;24;;;4867;2;4871;24;;;4866.0;283.515625
1;35000;COCONUTS;7986;185;;;;;7989;185;;;;;7987.5;1022.09375
1;35000;PINA_COLADAS;14952;79;;;;;14955;22;14956;57;;;14953.5;0.0
1;35100;PINA_COLADAS;14954;93;;;;;14957;93;;;;;14955.5;0.0
1;35100;PEARLS;9995;20;;;;;10005;20;;;;;10000.0;259.0
1;35100;BANANAS;4864;20;;;;;4871;20;;;;;4867.5;283.9921875
1;35100;COCONUTS;7987;61;7986;122;;;7989;183;;;;;7988.0;976.59375
1;35200;PINA_COLADAS;14958;102;;;;;14961;102;;;;;14959.5;0.0
1;35200;PEARLS;9996;1;9995;20;;;10004;1;10005;20;;;10000.0;259.0
1;35200;BANANAS;4868;2;4864;21;;;4871;21;;;;;4869.5;281.953125
1;35200;COCONUTS;7988;168;;;;;7991;168;;;;;7989.5;891.1875
1;35300;PINA_COLADAS;14958;101;;;;;14961;101;;;;;14959.5;0.0
1;35300;PEARLS;9996;1;9995;30;;;10002;1;10004;1;10005;30;9999.0;259.0
1;35300;BANANAS;4864;31;;;;;4869;1;4870;1;4871;30;4866.5;288.4765625
1;35300;COCONUTS;7988;163;;;;;7990;40;7991;123;;;7989.0;912.59375
1;35400;PEARLS;9995;25;;;;;10002;10;10005;25;;;9998.5;259.0
1;35400;BANANAS;4868;3;4864;25;;;4869;10;4871;25;;;4868.5;284.4296875
1;35400;COCONUTS;7988;205;;;;;7990;74;7991;131;;;7989.0;914.46875
1;35400;PINA_COLADAS;14958;111;;;;;14961;111;;;;;14959.5;0.0
1;35500;PEARLS;9996;1;9995;20;;;9998;1;10004;1;10005;20;9997.0;259.0
1;35500;BANANAS;4865;1;4864;20;;;4871;21;;;;;4868.0;252.0
1;35500;COCONUTS;7989;180;;;;;7992;180;;;;;7990.5;837.8125
1;35500;PINA_COLADAS;14961;93;;;;;14964;93;;;;;14962.5;0.0
1;35600;PINA_COLADAS;14956;110;;;;;14959;110;;;;;14957.5;0.0
1;35600;BANANAS;4864;20;;;;;4871;20;;;;;4867.5;252.0
1;35600;COCONUTS;7987;182;;;;;7989;57;7990;125;;;7988.0;971.21875
1;35600;PEARLS;9995;20;;;;;10005;20;;;;;10000.0;261.0
1;35700;BANANAS;4864;5;4863;22;;;4870;22;;;;;4867.0;252.0
1;35700;PINA_COLADAS;14957;30;14956;36;14955;68;14958;36;14959;68;;;14957.5;0.0
1;35700;PEARLS;9998;5;9995;22;;;10005;22;;;;;10001.5;261.0
1;35700;COCONUTS;7986;215;;;;;7989;215;;;;;7987.5;990.8125
1;35800;BANANAS;4863;26;;;;;4870;26;;;;;4866.5;252.0
1;35800;PEARLS;9995;26;;;;;10005;26;;;;;10000.0;261.0
1;35800;COCONUTS;7987;201;;;;;7990;201;;;;;7988.5;940.4375
1;35800;PINA_COLADAS;14959;27;14958;94;;;14961;94;;;;;14960.0;0.0
1;35900;BANANAS;4863;20;;;;;4870;20;;;;;4866.5;252.0
1;35900;PINA_COLADAS;14960;82;;;;;14963;23;14964;59;;;14961.5;0.0
1;35900;PEARLS;9995;20;;;;;10005;20;;;;;10000.0;261.0
1;35900;COCONUTS;7988;199;;;;;7990;66;7991;133;;;7989.0;911.625
1;36000;PINA_COLADAS;14959;89;;;;;14962;89;;;;;14960.5;0.0
1;36000;BANANAS;4863;24;;;;;4870;24;;;;;4866.5;252.0
1;36000;PEARLS;9995;24;;;;;10005;24;;;;;10000.0;261.0
1;36000;COCONUTS;7987;176;;;;;7990;176;;;;;7988.5;953.1875
1;36100;BANANAS;4866;4;4863;28;;;4870;28;;;;;4868.0;252.0
1;36100;PINA_COLADAS;14958;84;;;;;14961;32;14962;52;;;14959.5;0.0
1;36100;PEARLS;9996;1;9995;27;;;10004;1;10005;27;;;10000.0;261.0
1;36100;COCONUTS;7986;209;;;;;7987;54;7989;209;;;7986.5;1006.5625
1;36200;BANANAS;4864;30;;;;;4867;5;4870;30;;;4865.5;252.0
1;36200;PEARLS;9996;1;9995;29;;;10004;1;10005;29;;;10000.0;261.0
1;36200;COCONUTS;7986;209;;;;;7989;209;;;;;7987.5;1017.21875
1;36200;PINA_COLADAS;14958;99;;;;;14961;99;;;;;14959.5;0.0
1;36300;BANANAS;4864;1;4863;20;;;4870;21;;;;;4867.0;252.0
1;36300;PINA_COLADAS;14959;110;;;;;14962;110;;;;;14960.5;0.0
1;36300;PEARLS;9996;1;9995;20;;;10004;1;10005;20;;;10000.0;261.0
1;36300;COCONUTS;7987;40;7986;104;;;7989;144;;;;;7988.0;982.625
1;36400;PINA_COLADAS;14961;81;;;;;14964;81;;;;;14962.5;0.0
1;36400;PEARLS;9996;1;9995;25;;;10002;9;10004;1;10005;25;9999.0;261.0
1;36400;COCONUTS;7987;170;;;;;7990;170;;;;;7988.5;958.75
1;36400;BANANAS;4863;26;;;;;4867;9;4869;26;;;4865.0;252.0
1;36500;BANANAS;4864;5;4863;22;;;4869;1;4870;21;;;4866.5;252.0
1;36500;PINA_COLADAS;14960;111;;;;;14963;111;;;;;14961.5;0.0
1;36500;PEARLS;9998;5;9996;1;9995;21;10004;1;10005;21;;;10001.0;261.0
1;36500;COCONUTS;7987;53;7986;127;;;7989;180;;;;;7988.0;977.25
1;36600;PEARLS;9996;1;9995;23;;;10004;1;10005;23;;;10000.0;261.0
1;36600;COCONUTS;7985;162;;;;;7988;162;;;;;7986.5;1052.71875
1;36600;BANANAS;4863;24;;;;;4869;1;4870;23;;;4866.0;252.0
1;36600;PINA_COLADAS;14958;32;14957;52;;;14960;32;14961;52;;;14959.0;0.0
1;36700;BANANAS;4863;27;;;;;4870;27;;;;;4866.5;252.0
1;36700;PEARLS;9995;27;;;;;10005;27;;;;;10000.0;261.0
1;36700;COCONUTS;7985;53;7984;144;;;7987;197;;;;;7986.0;1099.75
1;36700;PINA_COLADAS;14957;98;;;;;14960;98;;;;;14958.5;0.0
1;36800;PINA_COLADAS;14958;22;14957;57;;;14960;22;14961;57;;;14959.0;0.0
1;36800;COCONUTS;7985;162;;;;;7988;162;;;;;7986.5;1072.90625
1;36800;PEARLS;9996;2;9995;21;;;9998;1;10002;6;10004;2;9997.0;261.0
1;36800;BANANAS;4864;2;4863;21;;;4868;6;4870;23;;;4866.0;252.0
1;36900;BANANAS;4864;24;;;;;4870;2;4871;23;;;4867.0;252.0
1;36900;COCONUTS;7985;181;;;;;7988;181;;;;;7986.5;1065.90625
1;36900;PEARLS;9996;2;9995;23;;;10004;2;10005;23;;;10000.0;263.0
1;36900;PINA_COLADAS;14957;88;;;;;14960;88;;;;;14958.5;0.0
1;37000;COCONUTS;7985;176;;;;;7988;176;;;;;7986.5;1082.3125
1;37000;PEARLS;9995;28;;;;;10005;28;;;;;10000.0;263.0
1;37000;BANANAS;4864;28;;;;;4870;28;;;;;4867.0;252.0
1;37000;PINA_COLADAS;14956;106;;;;;14959;106;;;;;14957.5;0.0
1;37100;BANANAS;4864;8;4863;23;;;4870;25;;;;;4867.0;275.1640625
1;37100;COCONUTS;7984;164;;;;;7987;164;;;;;7985.5;1113.1875
1;37100;PEARLS;9998;6;9996;2;9995;23;10004;2;10005;23;;;10001.0;263.0
1;37100;PINA_COLADAS;14956;101;;;;;14959;101;;;;;14957.5;0.0
1;37200;PINA_COLADAS;14957;75;;;;;14960;75;;;;;14958.5;0.0
1;37200;COCONUTS;7984;188;;;;;7987;188;;;;;7985.5;1116.625
1;37200;PEARLS;9995;24;;;;;10005;24;;;;;10000.0;263.0
1;37200;BANANAS;4863;24;;;;;4870;24;;;;;4866.5;276.86328125
1;37300;BANANAS;4864;39;;;;;4870;29;;;;;4867.0;283.51171875
1;37300;COCONUTS;7983;192;;;;;7986;192;;;;;7984.5;1172.0625
1;37300;PEARLS;10000;2;9998;10;9995;29;10005;29;;;;;10002.5;263.0
1;37300;PINA_COLADAS;14956;37;14955;62;;;14958;37;14959;62;;;14957.0;0.0
1;37400;COCONUTS;7985;182;;;;;7987;68;7988;114;;;7986.0;1088.625
1;37400;PEARLS;9998;8;9996;2;9995;20;10004;2;10005;20;;;10001.0;263.0
1;37400;BANANAS;4865;8;4864;22;;;4871;22;;;;;4868.0;280.1484375
1;37400;PINA_COLADAS;14959;20;14958;60;;;14961;20;14962;60;;;14960.0;0.0
1;37500;BANANAS;4863;24;;;;;4870;24;;;;;4866.5;287.0859375
1;37500;COCONUTS;7985;62;7984;100;;;7987;162;;;;;7986.0;1102.28125
1;37500;PEARLS;9996;2;9995;22;;;10004;2;10005;22;;;10000.0;263.0
1;37500;PINA_COLADAS;14957;108;;;;;14960;108;;;;;14958.5;0.0
1;37600;PINA_COLADAS;14957;96;;;;;14958;37;14960;96;;;14957.5;0.0
1;37600;COCONUTS;7985;44;7984;102;;;7987;146;;;;;7986.0;1109.21875
1;37600;PEARLS;9996;1;9995;24;;;10004;1;10005;24;;;10000.0;263.0
1;37600;BANANAS;4864;25;;;;;4870;25;;;;;4867.0;282.625
1;37700;BANANAS;4869;1;4863;22;;;4870;22;;;;;4869.5;285.9453125
1;37700;COCONUTS;7986;73;7985;176;;;7988;176;;;;;7987.0;1083.78125
1;37700;PEARLS;9996;1;9995;21;;;10004;1;10005;21;;;10000.0;263.0
1;37700;PINA_COLADAS;14960;97;;;;;14963;97;;;;;14961.5;0.0
1;37800;COCONUTS;7985;198;;;;;7987;57;7988;141;;;7986.0;1090.65625
1;37800;PEARLS;9998;7;9996;1;9995;25;10004;1;10005;25;;;10001.0;263.0
1;37800;BANANAS;4864;7;4863;26;;;4870;26;;;;;4867.0;290.19140625
1;37800;PINA_COLADAS;14961;86;;;;;14964;86;;;;;14962.5;0.0
1;37900;PEARLS;9996;2;9995;27;;;10002;9;10004;2;10005;27;9999.0;263.0
1;37900;BANANAS;4863;29;;;;;4868;9;4870;29;;;4865.5;289.57421875
1;37900;PINA_COLADAS;14959;102;;;;;14962;102;;;;;14960.5;0.0
1;37900;COCONUTS;7984;191;;;;;7987;191;;;;;7985.5;1141.375
1;38000;PINA_COLADAS;14959;99;;;;;14962;99;;;;;14960.5;0.0
1;38000;COCONUTS;7984;183;;;;;7987;183;;;;;7985.5;1113.25
1;38000;PEARLS;9996;1;9995;24;;;10004;1;10005;24;;;10000.0;263.0
1;38000;BANANAS;4863;25;;;;;4869;1;4870;24;;;4866.0;292.8671875
1;38100;PEARLS;9995;27;;;;;10005;27;;;;;10000.0;263.0
1;38100;BANANAS;4863;27;;;;;4869;27;;;;;4866.0;293.796875
1;38100;PINA_COLADAS;14954;73;;;;;14955;39;14957;73;;;14954.5;0.0
1;38100;COCONUTS;7983;197;;;;;7986;197;;;;;7984.5;1204.84375
1;38200;COCONUTS;7985;41;7984;119;;;7987;160;;;;;7986.0;1109.84375
1;38200;PEARLS;9996;1;9995;29;;;10004;1;10005;29;;;10000.0;263.0
1;38200;BANANAS;4863;30;;;;;4869;1;4870;29;;;4866.0;292.0
1;38200;PINA_COLADAS;14956;92;;;;;14959;92;;;;;14957.5;0.0
1;38300;PEARLS;9998;8;9995;25;;;10005;25;;;;;10001.5;263.0
1;38300;BANANAS;4868;8;4864;8;4863;25;4870;25;;;;;4869.0;294.015625
1;38300;PINA_COLADAS;14957;104;;;;;14960;104;;;;;14958.5;0.0
1;38300;COCONUTS;7985;219;;;;;7988;219;;;;;7986.5;1057.9375
1;38400;PINA_COLADAS;14955;90;;;;;14958;90;;;;;14956.5;0.0
1;38400;COCONUTS;7984;171;;;;;7987;171;;;;;7985.5;1131.5
1;38400;PEARLS;9996;2;9995;25;;;10002;3;10004;2;10005;25;9999.0;263.0
1;38400;BANANAS;4864;2;4863;25;;;4868;3;4870;27;;;4866.0;292.5546875
1;38500;BANANAS;4863;22;;;;;4868;10;4870;22;;;4865.5;293.25
1;38500;PEARLS;10000;6;9995;22;;;10002;10;10005;22;;;10001.0;263.0
1;38500;PINA_COLADAS;14955;98;;;;;14958;98;;;;;14956.5;0.0
1;38500;COCONUTS;7984;178;;;;;7987;178;;;;;7985.5;1129.625
1;38600;COCONUTS;7983;194;;;;;7986;194;;;;;7984.5;1204.25
1;38600;BANANAS;4863;31;;;;;4870;31;;;;;4866.5;293.67578125
1;38600;PEARLS;9996;2;9995;29;;;10004;2;10005;29;;;10000.0;263.0
1;38600;PINA_COLADAS;14955;20;14954;96;;;14957;32;14958;64;;;14956.0;0.0
1;38700;BANANAS;4864;1;4863;26;;;4870;27;;;;;4867.0;293.0546875
1;38700;PEARLS;9996;1;9995;26;;;10004;1;10005;26;;;10000.0;263.0
1;38700;PINA_COLADAS;14954;100;;;;;14957;100;;;;;14955.5;0.0
1;38700;COCONUTS;7982;201;;;;;7985;201;;;;;7983.5;1258.875
1;38800;PINA_COLADAS;14952;29;14951;72;;;14955;101;;;;;14953.5;0.0
1;38800;COCONUTS;7981;176;;;;;7983;67;7984;109;;;7982.0;1339.125
1;38800;BANANAS;4864;21;;;;;4866;4;4870;21;;;4865.0;291.09375
1;38800;PEARLS;9995;21;;;;;10005;21;;;;;10000.0;263.0
1;38900;PEARLS;9996;2;9995;21;;;10004;2;10005;21;;;10000.0;263.0
1;38900;BANANAS;4864;23;;;;;4870;23;;;;;4867.0;291.01953125
1;38900;COCONUTS;7980;198;;;;;7983;198;;;;;7981.5;1374.90625
1;38900;PINA_COLADAS;14951;38;14950;55;;;14953;38;14954;55;;;14952.0;0.0
1;39000;PEARLS;9995;29;;;;;10002;2;10005;29;;;9998.5;263.0
1;39000;BANANAS;4864;29;;;;;4868;2;4870;29;;;4866.0;290.765625
1;39000;COCONUTS;7979;211;;;;;7982;211;;;;;7980.5;1432.40625
1;39000;PINA_COLADAS;14951;38;14950;103;;;14953;103;;;;;14952.0;0.0
1;39100;PEARLS;9996;2;9995;21;;;10002;5;10004;2;10005;21;9999.0;263.0
1;39100;BANANAS;4863;23;;;;;4868;5;4869;2;4870;21;4865.5;296.265625
1;39100;COCONUTS;7981;42;7980;149;;;7983;191;;;;;7982.0;1349.78125
