day;timestamp;product;bid_price_1;bid_volume_1;bid_price_2;bid_volume_2;bid_price_3;bid_volume_3;ask_price_1;ask_volume_1;ask_price_2;ask_volume_2;ask_price_3;ask_volume_3;mid_price;profit_and_loss
2;0;PEARLS;9996;2;9995;25;;;10004;2;10005;25;;;10000.0;0.0
2;0;BANANAS;4821;27;;;;;4827;27;;;;;4824.0;0.0
2;0;DIVING_GEAR;99191;21;;;;;99194;21;;;;;99192.5;0.0
2;0;COCONUTS;7923;209;;;;;7924;57;7925;61;7926;148;7923.5;0.0
2;0;DOLPHIN_SIGHTINGS;;;;;;;;;;;;;3076.0;0.0
2;0;PINA_COLADAS;14850;72;;;;;14853;72;;;;;14851.5;0.0
2;0;BERRIES;3847;66;;;;;3854;14;3855;52;;;3850.5;0.0
2;100;BERRIES;3847;76;3846;48;;;3854;24;3855;100;;;3850.5;0.0
2;100;DOLPHIN_SIGHTINGS;;;;;;;;;;;;;3076.0;0.0
2;100;PEARLS;9996;4;9995;53;;;9998;1;10004;4;10005;53;9997.0;0.0
2;100;BANANAS;4821;57;;;;;4827;57;;;;;4824.0;0.0
2;100;COCONUTS;7924;114;7923;209;;;7925;61;7926;148;7927;171;7924.5;0.0
2;100;DIVING_GEAR;99191;21;;;;;99194;3;99200;8;99201;10;99192.5;0.0
2;100;PINA_COLADAS;14853;20;14850;72;;;14856;92;;;;;14854.5;0.0
2;200;DOLPHIN_SIGHTINGS;;;;;;;;;;;;;3076.0;0.0
2;200;PINA_COLADAS;14853;103;14850;72;;;14856;175;;;;;14854.5;0.0
2;200;BERRIES;3848;14;3847;131;3846;48;3854;38;3855;155;;;3851.0;0.0
2;200;PEARLS;9996;4;9995;73;;;9998;1;10004;4;10005;73;9997.0;0.0
2;200;BANANAS;4821;77;;;;;4827;57;4828;20;;;4824.0;0.0
2;200;COCONUTS;7924;306;7923;209;;;7925;61;7926;205;7927;306;7924.5;0.0
2;200;DIVING_GEAR;99194;18;99191;21;;;99197;21;99200;8;99201;10;99195.5;0.0
2;300;PEARLS;9996;5;9995;93;;;9998;1;10004;5;10005;93;9997.0;0.0
2;300;BANANAS;4822;21;4821;77;;;4827;57;4828;21;4829;20;4824.5;0.0
2;300;COCONUTS;7925;120;7924;306;7923;209;7926;205;7927;306;7928;181;7925.5;0.0
2;300;DIVING_GEAR;99194;18;99193;8;99192;19;99195;8;99196;19;99197;21;99194.5;0.0
2;300;PINA_COLADAS;14853;103;14850;72;;;14856;74;14861;101;;;14854.5;0.0
2;300;BERRIES;3848;33;3847;175;3846;48;3854;38;3855;174;3856;44;3851.0;0.0
2;300;DOLPHIN_SIGHTINGS;;;;;;;;;;;;;3076.0;0.0
2;400;PEARLS;9996;5;9995;123;;;9998;1;10004;5;10005;123;9997.0;0.0
2;400;BANANAS;4822;21;4821;107;;;4827;57;4828;51;4829;20;4824.5;0.0
2;400;COCONUTS;7925;120;7924;478;7923;209;7926;205;7927;478;7928;181;7925.5;0.0
2;400;DIVING_GEAR;99194;27;99193;27;99192;19;99195;8;99196;28;99197;40;99194.5;0.0
2;400;DOLPHIN_SIGHTINGS;;;;;;;;;;;;;3076.0;0.0
2;400;PINA_COLADAS;14855;103;14853;103;14850;72;14856;74;14858;40;14859;63;14855.5;0.0
2;400;BERRIES;3849;19;3848;80;3847;175;3854;38;3855;193;3856;91;3851.5;0.0
2;500;BERRIES;3848;16;3847;49;;;3854;16;3855;49;;;3851.0;0.0
2;500;DOLPHIN_SIGHTINGS;;;;;;;;;;;;;3076.0;0.0
2;500;PEARLS;10000;6;9995;22;;;10005;22;;;;;10002.5;2.0
2;500;BANANAS;4821;22;;;;;4828;22;;;;;4824.5;0.0
2;500;COCONUTS;7924;206;;;;;7927;206;;;;;7925.5;0.0
2;500;DIVING_GEAR;99194;26;;;;;99197;26;;;;;99195.5;0.0
2;500;PINA_COLADAS;14854;95;;;;;14857;95;;;;;14855.5;0.0
2;600;DOLPHIN_SIGHTINGS;;;;;;;;;;;;;3076.0;0.0
2;600;PINA_COLADAS;14852;29;14851;62;;;14854;29;14855;62;;;14853.0;0.0
2;600;BERRIES;3846;20;3845;43;;;3853;20;3854;43;;;3849.5;0.0
2;600;PEARLS;9995;29;;;;;10005;29;;;;;10000.0;2.0
2;600;BANANAS;4821;29;;;;;4828;29;;;;;4824.5;0.0
2;600;COCONUTS;7924;59;7923;133;;;7926;192;;;;;7925.0;0.0
2;600;DIVING_GEAR;99193;29;;;;;99196;29;;;;;99194.5;0.0
2;700;BANANAS;4822;1;4821;29;;;4828;30;;;;;4825.0;0.0
2;700;PEARLS;10000;4;9996;1;9995;29;10004;1;10005;29;;;10002.0;2.0
2;700;COCONUTS;7924;194;;;;;7926;66;7927;128;;;7925.0;0.0
2;700;DIVING_GEAR;99197;23;;;;;99200;23;;;;;99198.5;0.0
2;700;PINA_COLADAS;14852;36;14851;99;;;14854;99;;;;;14853.0;0.0
2;700;BERRIES;3845;18;3844;50;;;3852;18;3853;50;;;3848.5;0.0
2;700;DOLPHIN_SIGHTINGS;;;;;;;;;;;;;3076.0;0.0
2;800;PEARLS;9996;1;9995;27;;;9998;1;10004;1;10005;27;9997.0;2.0
2;800;COCONUTS;7924;176;;;;;7926;47;7927;129;;;7925.0;0.0
2;800;DIVING_GEAR;99205;5;99204;10;;;99207;5;99208;10;;;99206.0;0.0
2;800;BANANAS;4826;1;4821;28;;;4828;28;;;;;4827.0;0.0
2;800;DOLPHIN_SIGHTINGS;;;;;;;;;;;;;3075.0;0.0
2;800;PINA_COLADAS;14848;36;14847;73;;;14851;109;;;;;14849.5;0.0
2;800;BERRIES;3846;10;3845;48;;;3853;10;3854;48;;;3849.5;0.0
2;900;BERRIES;3849;5;3846;17;3845;60;3853;17;3854;60;;;3851.0;0.0
2;900;DOLPHIN_SIGHTINGS;;;;;;;;;;;;;3075.0;0.0
2;900;BANANAS;4826;5;4822;1;4821;24;4828;25;;;;;4827.0;1.11962890625
2;900;DIVING_GEAR;99210;5;99209;17;;;99212;5;99213;17;;;99211.0;0.0
2;900;PEARLS;10002;1;9996;1;9995;24;10004;1;10005;24;;;10003.0;4.0
2;900;COCONUTS;7924;179;;;;;7927;179;;;;;7925.5;0.0
2;900;PINA_COLADAS;14850;88;;;;;14853;88;;;;;14851.5;0.0
2;1000;PINA_COLADAS;14852;28;14851;65;;;14854;28;14855;65;;;14853.0;0.0
2;1000;DOLPHIN_SIGHTINGS;;;;;;;;;;;;;3076.0;0.0
2;1000;BERRIES;3846;12;3845;46;;;3853;12;3854;46;;;3849.5;0.0
2;1000;DIVING_GEAR;99207;10;99206;12;;;99209;10;99210;12;;;99208.0;0.0
2;1000;PEARLS;9995;22;;;;;10005;22;;;;;10000.0;6.0
2;1000;COCONUTS;7925;194;;;;;7927;68;7928;126;;;7926.0;0.0
2;1000;BANANAS;4822;22;;;;;4829;22;;;;;4825.5;2.03515625
2;1100;BANANAS;4823;1;4822;26;;;4827;6;4829;27;;;4825.0;1.3203125
2;1100;DIVING_GEAR;99195;24;;;;;99198;24;;;;;99196.5;0.0
2;1100;PEARLS;10002;4;9996;1;9995;26;10004;1;10005;26;;;10003.0;6.0
2;1100;COCONUTS;7925;209;;;;;7927;65;7928;144;;;7926.0;0.0
2;1100;PINA_COLADAS;14852;107;;;;;14855;107;;;;;14853.5;0.0
2;1100;BERRIES;3846;70;;;;;3853;18;3854;52;;;3849.5;0.0
2;1100;DOLPHIN_SIGHTINGS;;;;;;;;;;;;;3076.0;0.0
2;1200;DIVING_GEAR;99196;26;;;;;99199;26;;;;;99197.5;0.0
2;1200;PEARLS;9996;2;9995;22;;;10004;2;10005;22;;;10000.0;14.0
2;1200;COCONUTS;7925;74;7924;191;;;7927;191;;;;;7926.0;0.0
2;1200;BANANAS;4822;24;;;;;4828;2;4829;22;;;4825.0;4.91015625
2;1200;PINA_COLADAS;14850;86;;;;;14853;86;;;;;14851.5;0.0
2;1200;DOLPHIN_SIGHTINGS;;;;;;;;;;;;;3076.0;0.0
2;1200;BERRIES;3846;17;3845;51;;;3849;15;3853;17;3854;51;3847.5;0.0
2;1300;BERRIES;3847;18;3846;56;;;3853;18;3854;56;;;3850.0;0.0
2;1300;DOLPHIN_SIGHTINGS;;;;;;;;;;;;;3076.0;0.0
2;1300;BANANAS;4822;31;;;;;4823;1;4829;31;;;4822.5;2.19921875
2;1300;DIVING_GEAR;99179;5;99178;18;;;99181;5;99182;18;;;99180.0;0.0
2;1300;PEARLS;9996;1;9995;30;;;9998;1;10004;1;10005;30;9997.0;14.0
2;1300;COCONUTS;7924;154;7923;125;;;7926;202;;;;;7925.0;0.0
2;1300;PINA_COLADAS;14848;106;;;;;14851;106;;;;;14849.5;0.0
2;1400;DOLPHIN_SIGHTINGS;;;;;;;;;;;;;3076.0;0.0
2;1400;PINA_COLADAS;14848;84;;;;;14851;84;;;;;14849.5;0.0
2;1400;DIVING_GEAR;99183;6;99182;16;;;99185;6;99186;16;;;99184.0;0.0
2;1400;PEARLS;9995;24;;;;;10005;24;;;;;10000.0;16.0
2;1400;COCONUTS;7922;195;;;;;7925;195;;;;;7923.5;0.0
2;1400;BERRIES;3847;16;3846;59;;;3854;16;3855;59;;;3850.5;0.0
2;1400;BANANAS;4822;24;;;;;4829;24;;;;;4825.5;6.458984375
2;1500;BANANAS;4822;20;;;;;4828;1;4829;20;;;4825.0;6.87890625
2;1500;DIVING_GEAR;99187;7;99186;16;;;99189;7;99190;16;;;99188.0;0.0
2;1500;PEARLS;9996;1;9995;20;;;10004;1;10005;20;;;10000.0;16.0
2;1500;COCONUTS;7923;208;;;;;7926;208;;;;;7924.5;0.0
2;1500;BERRIES;3846;16;3845;50;;;3853;16;3854;50;;;3849.5;0.0
2;1500;PINA_COLADAS;14850;90;;;;;14853;90;;;;;14851.5;0.0
2;1500;DOLPHIN_SIGHTINGS;;;;;;;;;;;;;3076.0;0.0
2;1600;DIVING_GEAR;99179;22;;;;;99182;22;;;;;99180.5;0.0
2;1600;PEARLS;9995;28;;;;;10005;28;;;;;10000.0;16.0
2;1600;COCONUTS;7922;175;;;;;7925;175;;;;;7923.5;0.0
2;1600;BERRIES;3846;16;3845;45;;;3853;16;3854;45;;;3849.5;0.0
2;1600;BANANAS;4821;28;;;;;4828;28;;;;;4824.5;9.310546875
2;1600;DOLPHIN_SIGHTINGS;;;;;;;;;;;;;3076.0;0.0
2;1600;PINA_COLADAS;14848;101;;;;;14851;101;;;;;14849.5;0.0
2;1700;DOLPHIN_SIGHTINGS;;;;;;;;;;;;;3076.0;0.0
2;1700;BANANAS;4821;25;;;;;4828;25;;;;;4824.5;9.091796875
2;1700;DIVING_GEAR;99183;6;99182;19;;;99185;8;99186;19;;;99184.0;0.0
2;1700;PEARLS;9995;25;;;;;10005;25;;;;;10000.0;16.0
2;1700;COCONUTS;7922;211;;;;;7925;211;;;;;7923.5;0.0
2;1700;BERRIES;3850;4;3846;19;3845;58;3853;19;3854;58;;;3851.5;0.0
2;1700;PINA_COLADAS;14847;94;;;;;14850;94;;;;;14848.5;0.0
2;1800;DOLPHIN_SIGHTINGS;;;;;;;;;;;;;3076.0;0.0
2;1800;PINA_COLADAS;14847;80;;;;;14850;80;;;;;14848.5;0.0
2;1800;DIVING_GEAR;99179;8;99178;14;;;99181;8;99182;14;;;99180.0;0.0
2;1800;PEARLS;9996;1;9995;27;;;10004;1;10005;27;;;10000.0;16.0
2;1800;COCONUTS;7922;197;;;;;7923;43;7924;77;7925;120;7922.5;0.0
2;1800;BERRIES;3846;56;;;;;3853;14;3854;42;;;3849.5;0.0
2;1800;BANANAS;4822;1;4821;27;;;4828;28;;;;;4825.0;14.71484375
2;1900;BANANAS;4822;1;4821;27;;;4826;3;4828;28;;;4824.0;14.998046875
2;1900;DIVING_GEAR;99186;21;;;;;99189;21;;;;;99187.5;0.0
2;1900;PEARLS;9996;1;9995;27;;;10002;3;10004;1;10005;27;9999.0;16.0
2;1900;COCONUTS;7923;178;;;;;7925;178;;;;;7924.0;-394.625
2;1900;BERRIES;3846;14;3845;43;;;3853;14;3854;43;;;3849.5;0.0
2;1900;PINA_COLADAS;14848;91;;;;;14851;27;14852;64;;;14849.5;0.0
2;1900;DOLPHIN_SIGHTINGS;;;;;;;;;;;;;3076.0;0.0
2;2000;DIVING_GEAR;99182;8;99181;18;;;99184;8;99185;18;;;99183.0;0.0
2;2000;PEARLS;9996;1;9995;29;;;10004;1;10005;29;;;10000.0;16.0
2;2000;COCONUTS;7922;181;;;;;7924;60;7925;121;;;7923.0;-199.25
2;2000;BERRIES;3847;18;3846;55;;;3853;18;3854;55;;;3850.0;0.0
2;2000;BANANAS;4821;30;;;;;4828;30;;;;;4824.5;15.8193359375
2;2000;DOLPHIN_SIGHTINGS;;;;;;;;;;;;;3077.0;0.0
2;2000;PINA_COLADAS;14847;31;14846;95;;;14849;95;;;;;14848.0;0.0
2;2100;DOLPHIN_SIGHTINGS;;;;;;;;;;;;;3077.0;0.0
2;2100;BANANAS;4825;5;4821;29;;;4828;29;;;;;4826.5;15.421875
2;2100;DIVING_GEAR;99176;28;;;;;99179;28;;;;;99177.5;0.0
2;2100;PEARLS;9995;29;;;;;10005;29;;;;;10000.0;16.0
2;2100;COCONUTS;7922;40;7921;143;;;7924;183;;;;;7923.0;-191.0
2;2100;BERRIES;3847;19;3846;41;;;3854;19;3855;41;;;3850.5;0.0
2;2100;PINA_COLADAS;14845;94;;;;;14848;94;;;;;14846.5;0.0
2;2200;DOLPHIN_SIGHTINGS;;;;;;;;;;;;;3076.0;0.0
2;2200;PINA_COLADAS;14843;39;14842;60;;;14845;39;14846;60;;;14844.0;0.0
2;2200;DIVING_GEAR;99172;22;;;;;99175;22;;;;;99173.5;0.0
2;2200;COCONUTS;7921;176;;;;;7924;176;;;;;7922.5;-85.25
2;2200;BERRIES;3847;13;3846;60;;;3854;13;3855;60;;;3850.5;0.0
2;2200;PEARLS;10002;1;9996;1;9995;28;10004;1;10005;28;;;10003.0;16.0
2;2200;BANANAS;4822;29;;;;;4828;29;;;;;4825.0;14.2431640625
2;2300;PEARLS;9996;2;9995;20;;;10002;1;10004;2;10005;20;9999.0;18.0
2;2300;BANANAS;4822;2;4821;20;;;4826;1;4828;22;;;4824.0;14.4072265625
2;2300;COCONUTS;7922;170;;;;;7924;68;7925;102;;;7923.0;-201.375
2;2300;DIVING_GEAR;99174;5;99173;18;;;99176;5;99177;18;;;99175.0;0.0
2;2300;BERRIES;3850;5;3847;18;3846;54;3854;18;3855;54;;;3852.0;0.0
2;2300;PINA_COLADAS;14843;100;;;;;14846;100;;;;;14844.5;-7.875
2;2300;DOLPHIN_SIGHTINGS;;;;;;;;;;;;;3076.0;0.0
2;2400;COCONUTS;7922;187;;;;;7925;187;;;;;7923.5;-323.625
2;2400;DIVING_GEAR;99167;25;;;;;99170;25;;;;;99168.5;0.0
2;2400;BERRIES;3847;15;3846;50;;;3849;23;3853;15;3854;50;3848.0;0.0
2;2400;PEARLS;9996;1;9995;24;;;10004;1;10005;24;;;10000.0;18.0
2;2400;BANANAS;4822;1;4821;24;;;4828;25;;;;;4825.0;14.859375
2;2400;DOLPHIN_SIGHTINGS;;;;;;;;;;;;;3076.0;0.0
2;2400;PINA_COLADAS;14844;76;;;;;14847;26;14848;50;;;14845.5;32.375
2;2500;DOLPHIN_SIGHTINGS;;;;;;;;;;;;;3077.0;0.0
2;2500;PEARLS;9996;1;9995;28;;;10004;1;10005;28;;;10000.0;18.0
2;2500;BANANAS;4822;1;4821;28;;;4828;29;;;;;4825.0;14.771484375
2;2500;COCONUTS;7922;144;;;;;7925;144;;;;;7923.5;-277.375
2;2500;BERRIES;3846;14;3845;48;;;3853;14;3854;48;;;3849.5;0.0
2;2500;DIVING_GEAR;99181;19;;;;;99184;19;;;;;99182.5;0.0
2;2500;PINA_COLADAS;14844;87;;;;;14847;87;;;;;14845.5;26.0625
2;2600;DOLPHIN_SIGHTINGS;;;;;;;;;;;;;3076.0;0.0
2;2600;PINA_COLADAS;14847;108;;;;;14850;38;14851;70;;;14848.5;149.0
2;2600;COCONUTS;7922;155;;;;;7925;155;;;;;7923.5;-244.375
2;2600;BERRIES;3846;11;3845;49;;;3853;11;3854;49;;;3849.5;0.0
2;2600;DIVING_GEAR;99179;5;99178;11;;;99181;5;99182;11;;;99180.0;0.0
2;2600;PEARLS;9996;2;9995;22;;;10004;2;10005;22;;;10000.0;18.0
2;2600;BANANAS;4821;23;;;;;4828;24;;;;;4824.5;15.923828125
2;2700;PEARLS;9996;2;9995;26;;;10004;2;10005;26;;;10000.0;18.0
2;2700;BANANAS;4821;28;;;;;4828;28;;;;;4824.5;15.6259765625
2;2700;COCONUTS;7921;222;;;;;7924;222;;;;;7922.5;-144.75
2;2700;BERRIES;3846;19;3845;55;;;3853;74;;;;;3849.5;0.0
2;2700;DIVING_GEAR;99190;8;99189;19;;;99192;8;99193;19;;;99191.0;0.0
2;2700;PINA_COLADAS;14847;24;14846;56;;;14850;80;;;;;14848.5;123.0
2;2700;DOLPHIN_SIGHTINGS;;;;;;;;;;;;;3076.0;0.0
2;2800;COCONUTS;7920;210;;;;;7923;210;;;;;7921.5;47.5
2;2800;BERRIES;3845;20;3844;47;;;3852;20;3853;47;;;3848.5;0.0
2;2800;DIVING_GEAR;99188;5;99187;20;;;99190;5;99191;20;;;99189.0;0.0
2;2800;PEARLS;9996;2;9995;30;;;10004;2;10005;30;;;10000.0;18.0
2;2800;BANANAS;4821;32;;;;;4828;32;;;;;4824.5;15.5556640625
2;2800;DOLPHIN_SIGHTINGS;;;;;;;;;;;;;3077.0;0.0
2;2800;PINA_COLADAS;14844;36;14843;86;;;14846;86;;;;;14845.0;-27.0625
2;2900;DOLPHIN_SIGHTINGS;;;;;;;;;;;;;3077.0;0.0
2;2900;BANANAS;4822;2;4821;29;;;4828;31;;;;;4825.0;14.36328125
2;2900;PEARLS;9996;2;9995;29;;;10004;2;10005;29;;;10000.0;18.0
2;2900;COCONUTS;7920;172;;;;;7922;42;7923;130;;;7921.0;156.75
2;2900;BERRIES;3845;12;3844;57;;;3851;12;3852;57;;;3848.0;0.0
2;2900;DIVING_GEAR;99186;10;99185;12;;;99188;10;99189;12;;;99187.0;0.0
2;2900;PINA_COLADAS;14840;105;;;;;14843;105;;;;;14841.5;-143.9375
2;3000;DOLPHIN_SIGHTINGS;;;;;;;;;;;;;3077.0;0.0
2;3000;PINA_COLADAS;14840;39;14839;60;;;14842;39;14843;60;;;14841.0;-158.375
2;3000;COCONUTS;7920;164;;;;;7923;164;;;;;7921.5;113.375
2;3000;BERRIES;3845;11;3844;48;;;3852;11;3853;48;;;3848.5;0.0
2;3000;DIVING_GEAR;99182;7;99181;11;;;99184;18;;;;;99183.0;0.0
2;3000;BANANAS;4826;12;4821;31;;;4828;31;;;;;4827.0;15.662109375
2;3000;PEARLS;9996;2;9995;29;;;9998;1;10004;2;10005;29;9997.0;18.0
2;3100;BANANAS;4822;2;4821;26;;;4826;10;4828;28;;;4824.0;28.9765625
2;3100;DIVING_GEAR;99177;5;99176;19;;;99179;5;99180;19;;;99178.0;0.0
2;3100;PEARLS;9996;2;9995;26;;;10002;10;10004;2;10005;26;9999.0;21.0
2;3100;COCONUTS;7919;210;;;;;7922;210;;;;;7920.5;284.5
2;3100;BERRIES;3846;19;3845;50;;;3853;19;3854;50;;;3849.5;0.0
2;3100;PINA_COLADAS;14840;104;;;;;14843;104;;;;;14841.5;-153.5
2;3100;DOLPHIN_SIGHTINGS;;;;;;;;;;;;;3076.0;0.0
2;3200;COCONUTS;7919;155;;;;;7922;155;;;;;7920.5;249.0
2;3200;BERRIES;3846;60;;;;;3853;18;3854;42;;;3849.5;0.0
2;3200;BANANAS;4822;23;;;;;4828;23;;;;;4825.0;26.2734375
2;3200;DIVING_GEAR;99179;25;;;;;99182;25;;;;;99180.5;0.0
2;3200;PEARLS;9995;23;;;;;10005;23;;;;;10000.0;21.0
2;3200;DOLPHIN_SIGHTINGS;;;;;;;;;;;;;3077.0;0.0
2;3200;PINA_COLADAS;14839;85;;;;;14842;85;;;;;14840.5;-252.375
2;3300;DOLPHIN_SIGHTINGS;;;;;;;;;;;;;3077.0;0.0
2;3300;BANANAS;4826;1;4821;27;;;4828;27;;;;;4827.0;36.4453125
2;3300;DIVING_GEAR;99187;6;99186;11;;;99189;6;99190;11;;;99188.0;0.0
2;3300;PEARLS;9995;27;;;;;10005;27;;;;;10000.0;21.0
2;3300;COCONUTS;7919;183;;;;;7922;183;;;;;7920.5;350.875
2;3300;BERRIES;3847;11;3846;56;;;3853;11;3854;56;;;3850.0;0.0
2;3300;PINA_COLADAS;14836;101;;;;;14839;101;;;;;14837.5;-462.375
2;3400;PINA_COLADAS;14837;85;;;;;14840;85;;;;;14838.5;-371.125
2;3400;DOLPHIN_SIGHTINGS;;;;;;;;;;;;;3077.0;0.0
2;3400;BERRIES;3847;19;3846;52;;;3853;19;3854;52;;;3850.0;0.0
2;3400;BANANAS;4821;27;;;;;4828;27;;;;;4824.5;34.7109375
2;3400;DIVING_GEAR;99187;25;;;;;99190;25;;;;;99188.5;0.0
2;3400;PEARLS;9996;2;9995;25;;;10004;2;10005;25;;;10000.0;21.0
2;3400;COCONUTS;7919;162;;;;;7922;162;;;;;7920.5;303.75
2;3500;BANANAS;4821;29;;;;;4827;29;;;;;4824.0;42.296875
2;3500;DIVING_GEAR;99182;5;99181;11;;;99184;5;99185;11;;;99183.0;0.0
2;3500;PEARLS;9995;29;;;;;10005;29;;;;;10000.0;21.0
2;3500;COCONUTS;7920;193;;;;;7923;193;;;;;7921.5;84.0
2;3500;BERRIES;3846;11;3845;57;;;3853;11;3854;57;;;3849.5;0.0
2;3500;PINA_COLADAS;14840;39;14839;72;;;14842;39;14843;72;;;14841.0;-189.5
2;3500;DOLPHIN_SIGHTINGS;;;;;;;;;;;;;3077.0;0.0
2;3600;BERRIES;3847;10;3846;43;;;3853;10;3854;43;;;3850.0;0.0
2;3600;BANANAS;4820;25;;;;;4827;25;;;;;4823.5;51.6484375
2;3600;DIVING_GEAR;99183;18;;;;;99186;18;;;;;99184.5;0.0
2;3600;PEARLS;9995;25;;;;;10005;25;;;;;10000.0;21.0
2;3600;COCONUTS;7920;44;7919;124;;;7922;168;;;;;7921.0;223.25
2;3600;PINA_COLADAS;14838;88;;;;;14841;88;;;;;14839.5;-313.25
2;3600;DOLPHIN_SIGHTINGS;;;;;;;;;;;;;3076.0;0.0
2;3700;DOLPHIN_SIGHTINGS;;;;;;;;;;;;;3076.0;0.0
2;3700;BANANAS;4820;8;4819;20;;;4826;20;;;;;4823.0;65.921875
2;3700;DIVING_GEAR;99178;18;;;;;99181;18;;;;;99179.5;0.0
2;3700;PEARLS;9998;6;9995;20;;;10005;20;;;;;10001.5;21.0
2;3700;COCONUTS;7919;175;;;;;7922;175;;;;;7920.5;297.375
2;3700;PINA_COLADAS;14836;22;14835;56;;;14838;22;14839;56;;;14837.0;-499.875
2;3700;BERRIES;3846;12;3845;48;;;3852;12;3853;48;;;3849.0;0.0
2;3800;PINA_COLADAS;14837;89;;;;;14840;89;;;;;14838.5;-399.375
2;3800;DOLPHIN_SIGHTINGS;;;;;;;;;;;;;3076.0;0.0
2;3800;BERRIES;3851;11;3847;15;3846;53;3854;15;3855;53;;;3852.5;0.0
2;3800;BANANAS;4819;24;;;;;4826;24;;;;;4822.5;66.0
2;3800;DIVING_GEAR;99162;5;99161;15;;;99164;3;99165;15;;;99163.0;0.0
2;3800;PEARLS;9995;24;;;;;10005;24;;;;;10000.0;21.0
2;3800;COCONUTS;7920;189;;;;;7923;189;;;;;7921.5;121.25
2;3900;BANANAS;4824;1;4819;26;;;4825;1;4826;25;;;4824.5;69.828125
2;3900;DIVING_GEAR;99163;10;99162;11;;;99165;10;99166;11;;;99164.0;0.0
2;3900;PEARLS;9996;1;9995;25;;;9998;1;10000;2;10004;1;9997.0;21.0
2;3900;COCONUTS;7921;197;;;;;7924;197;;;;;7922.5;-42.75
2;3900;PINA_COLADAS;14839;21;14838;64;;;14841;21;14842;64;;;14840.0;-238.125
2;3900;BERRIES;3847;11;3846;47;;;3854;11;3855;47;;;3850.5;0.0
2;3900;DOLPHIN_SIGHTINGS;;;;;;;;;;;;;3076.0;0.0
2;4000;BERRIES;3847;10;3846;53;;;3854;10;3855;53;;;3850.5;0.0
2;4000;BANANAS;4819;23;;;;;4825;1;4826;22;;;4822.0;27.0
2;4000;DIVING_GEAR;99152;15;;;;;99155;15;;;;;99153.5;0.0
2;4000;PEARLS;9996;1;9995;22;;;10004;1;10005;22;;;10000.0;23.0
2;4000;COCONUTS;7919;168;;;;;7922;168;;;;;7920.5;265.75
2;4000;PINA_COLADAS;14833;92;;;;;14836;92;;;;;14834.5;-787.75
2;4000;DOLPHIN_SIGHTINGS;;;;;;;;;;;;;3075.0;0.0
2;4100;DOLPHIN_SIGHTINGS;;;;;;;;;;;;;3075.0;0.0
2;4100;BANANAS;4820;30;;;;;4826;26;;;;;4823.0;27.0
2;4100;DIVING_GEAR;99148;20;;;;;99151;20;;;;;99149.5;0.0
2;4100;PEARLS;9998;4;9996;2;9995;24;10000;2;10004;2;10005;24;9999.0;23.0
2;4100;COCONUTS;7919;182;;;;;7920;63;7922;182;;;7919.5;297.5
2;4100;PINA_COLADAS;14834;81;;;;;14837;81;;;;;14835.5;-667.625
2;4100;BERRIES;3847;10;3846;43;;;3854;10;3855;43;;;3850.5;0.0
2;4200;PINA_COLADAS;14837;80;;;;;14840;80;;;;;14838.5;-379.375
2;4200;DOLPHIN_SIGHTINGS;;;;;;;;;;;;;3075.0;0.0
2;4200;BERRIES;3851;12;3848;11;3847;45;3855;11;3856;45;;;3853.0;0.0
2;4200;BANANAS;4819;29;;;;;4826;29;;;;;4822.5;27.0
2;4200;DIVING_GEAR;99148;17;;;;;99151;17;;;;;99149.5;0.0
2;4200;PEARLS;9996;2;9995;27;;;10004;2;10005;27;;;10000.0;23.0
2;4200;COCONUTS;7919;188;;;;;7922;188;;;;;7920.5;286.625
2;4300;BANANAS;4819;22;;;;;4826;22;;;;;4822.5;27.0
2;4300;DIVING_GEAR;99146;6;99145;13;;;99148;6;99149;13;;;99147.0;0.0
2;4300;PEARLS;9996;1;9995;21;;;10004;1;10005;21;;;10000.0;23.0
2;4300;COCONUTS;7919;188;;;;;7922;188;;;;;7920.5;279.375
2;4300;PINA_COLADAS;14840;33;14839;66;;;14843;99;;;;;14841.5;-117.25
2;4300;BERRIES;3847;13;3846;54;;;3854;13;3855;54;;;3850.5;0.0
2;4300;DOLPHIN_SIGHTINGS;;;;;;;;;;;;;3075.0;0.0
2;4400;BERRIES;3847;18;3846;53;;;3853;18;3854;53;;;3850.0;0.0
2;4400;PEARLS;9996;2;9995;24;;;10004;2;10005;24;;;10000.0;23.0
2;4400;BANANAS;4819;26;;;;;4825;2;4826;24;;;4822.0;27.0
2;4400;DIVING_GEAR;99144;23;;;;;99147;23;;;;;99145.5;0.0
2;4400;COCONUTS;7920;190;;;;;7923;190;;;;;7921.5;62.375
2;4400;PINA_COLADAS;14838;85;;;;;14841;85;;;;;14839.5;-261.75
2;4400;DOLPHIN_SIGHTINGS;;;;;;;;;;;;;3075.0;0.0
2;4500;DOLPHIN_SIGHTINGS;;;;;;;;;;;;;3075.0;0.0
2;4500;PINA_COLADAS;14842;38;14841;60;;;14844;38;14845;60;;;14843.0;74.75
2;4500;PEARLS;9996;1;9995;25;;;10004;1;10005;25;;;10000.0;23.0
2;4500;BANANAS;4819;25;;;;;4826;26;;;;;4822.5;27.0
2;4500;COCONUTS;7921;207;;;;;7924;207;;;;;7922.5;-126.375
2;4500;DIVING_GEAR;99154;10;99153;10;;;99156;10;99157;10;;;99155.0;0.0
2;4500;BERRIES;3847;10;3846;49;;;3854;10;3855;49;;;3850.5;0.0
2;4600;DOLPHIN_SIGHTINGS;;;;;;;;;;;;;3075.0;0.0
2;4600;BERRIES;3846;12;3845;55;;;3853;12;3854;55;;;3849.5;0.0
2;4600;PEARLS;9998;9;9996;2;9995;21;10004;2;10005;21;;;10001.0;23.0
2;4600;BANANAS;4820;9;4819;23;;;4826;23;;;;;4823.0;27.0
2;4600;COCONUTS;7922;213;;;;;7925;213;;;;;7923.5;-279.5
2;4600;DIVING_GEAR;99160;6;99159;12;;;99162;6;99163;12;;;99161.0;0.0
2;4600;PINA_COLADAS;14841;93;;;;;14844;29;14845;64;;;14842.5;59.875
2;4700;PEARLS;9996;2;9995;27;;;10004;2;10005;27;;;10000.0;23.0
2;4700;BANANAS;4818;29;;;;;4825;29;;;;;4821.5;27.0
2;4700;COCONUTS;7923;195;;;;;7926;195;;;;;7924.5;-435.75
2;4700;DIVING_GEAR;99169;9;99168;19;;;99171;9;99172;19;;;99170.0;0.0
2;4700;BERRIES;3846;19;3845;60;;;3853;19;3854;60;;;3849.5;0.0
2;4700;DOLPHIN_SIGHTINGS;;;;;;;;;;;;;3076.0;0.0
2;4700;PINA_COLADAS;14844;40;14843;74;;;14846;40;14847;74;;;14845.0;265.0
2;4800;BERRIES;3846;17;3845;52;;;3848;2;3852;17;3853;52;3847.0;0.0
2;4800;PEARLS;9996;1;9995;26;;;10002;4;10004;1;10005;26;9999.0;23.0
2;4800;BANANAS;4818;27;;;;;4823;4;4824;1;4825;26;4820.5;29.150390625
2;4800;COCONUTS;7922;158;;;;;7923;55;7925;158;;;7922.5;-299.875
2;4800;DIVING_GEAR;99170;25;;;;;99173;25;;;;;99171.5;0.0
2;4800;PINA_COLADAS;14841;84;;;;;14844;84;;;;;14842.5;-7.375
2;4800;DOLPHIN_SIGHTINGS;;;;;;;;;;;;;3076.0;0.0
2;4900;DOLPHIN_SIGHTINGS;;;;;;;;;;;;;3076.0;0.0
2;4900;PINA_COLADAS;14842;81;;;;;14845;81;;;;;14843.5;112.5
2;4900;PEARLS;9996;2;9995;25;;;10004;2;10005;25;;;10000.0;23.0
2;4900;BANANAS;4818;27;;;;;4824;2;4825;25;;;4821.0;29.330078125
2;4900;COCONUTS;7923;216;;;;;7926;216;;;;;7924.5;-542.0
2;4900;DIVING_GEAR;99171;21;;;;;99174;21;;;;;99172.5;0.0
2;4900;BERRIES;3846;13;3845;60;;;3853;13;3854;60;;;3849.5;0.0
2;5000;DOLPHIN_SIGHTINGS;;;;;;;;;;;;;3076.0;0.0
2;5000;BERRIES;3847;14;3846;58;;;3853;14;3854;58;;;3850.0;0.0
2;5000;PEARLS;9995;26;;;;;10005;26;;;;;10000.0;23.0
2;5000;BANANAS;4817;26;;;;;4819;1;4824;26;;;4818.0;28.685546875
2;5000;COCONUTS;7923;186;;;;;7926;186;;;;;7924.5;-500.125
2;5000;DIVING_GEAR;99182;24;;;;;99185;24;;;;;99183.5;0.0
2;5000;PINA_COLADAS;14841;26;14840;53;;;14843;26;14844;53;;;14842.0;-22.5
2;5100;PEARLS;9995;24;;;;;10005;24;;;;;10000.0;23.0
2;5100;BANANAS;4817;24;;;;;4824;24;;;;;4820.5;29.8369140625
2;5100;COCONUTS;7922;177;;;;;7924;63;7925;114;;;7923.0;-202.375
2;5100;DIVING_GEAR;99178;20;;;;;99181;20;;;;;99179.5;0.0
2;5100;BERRIES;3846;14;3845;42;;;3853;14;3854;42;;;3849.5;0.0
2;5100;DOLPHIN_SIGHTINGS;;;;;;;;;;;;;3075.0;0.0
2;5100;PINA_COLADAS;14840;25;14839;64;;;14842;25;14843;64;;;14841.0;-180.75
2;5200;BERRIES;3847;14;3846;53;;;3854;14;3855;53;;;3850.5;0.0
2;5200;PEARLS;9995;30;;;;;10002;10;10005;30;;;9998.5;23.0
2;5200;COCONUTS;7922;208;;;;;7925;208;;;;;7923.5;-258.125
2;5200;DIVING_GEAR;99180;23;;;;;99183;23;;;;;99181.5;0.0
2;5200;PINA_COLADAS;14838;113;;;;;14841;113;;;;;14839.5;-378.25
2;5200;BANANAS;4817;30;;;;;4822;10;4824;30;;;4819.5;30.3515625
2;5200;DOLPHIN_SIGHTINGS;;;;;;;;;;;;;3075.0;0.0
2;5300;DOLPHIN_SIGHTINGS;;;;;;;;;;;;;3076.0;0.0
2;5300;PINA_COLADAS;14840;74;;;;;14843;74;;;;;14841.5;-131.5
2;5300;BANANAS;4817;30;;;;;4824;30;;;;;4820.5;30.119140625
2;5300;DIVING_GEAR;99181;26;;;;;99184;26;;;;;99182.5;0.0
2;5300;PEARLS;9996;1;9995;29;;;9998;2;10004;1;10005;29;9997.0;23.0
2;5300;COCONUTS;7923;40;7922;110;;;7925;190;;;;;7924.0;-366.625
2;5300;BERRIES;3850;3;3847;19;3846;59;3853;19;3854;59;;;3851.5;0.0
2;5400;BANANAS;4817;25;;;;;4824;25;;;;;4820.5;30.7236328125
2;5400;DOLPHIN_SIGHTINGS;;;;;;;;;;;;;3076.0;0.0
2;5400;BERRIES;3847;15;3846;53;;;3854;15;3855;53;;;3850.5;0.0
2;5400;DIVING_GEAR;99183;10;99182;15;;;99185;10;99186;15;;;99184.0;0.0
2;5400;PEARLS;9995;25;;;;;10005;25;;;;;10000.0;27.0
2;5400;COCONUTS;7922;149;;;;;7925;149;;;;;7923.5;-332.0
2;5400;PINA_COLADAS;14840;95;;;;;14843;95;;;;;14841.5;-84.0
2;5500;DIVING_GEAR;99187;7;99186;17;;;99189;7;99190;17;;;99188.0;0.0
2;5500;PEARLS;9996;1;9995;29;;;10004;1;10005;29;;;10000.0;27.0
2;5500;COCONUTS;7922;186;;;;;7925;186;;;;;7923.5;-292.375
2;5500;BERRIES;3847;17;3846;60;;;3854;17;3855;60;;;3850.5;0.0
2;5500;PINA_COLADAS;14840;34;14839;20;14838;60;14841;20;14842;60;;;14840.5;-298.125
2;5500;DOLPHIN_SIGHTINGS;;;;;;;;;;;;;3076.0;0.0
2;5500;BANANAS;4821;3;4817;30;;;4823;1;4824;29;;;4822.0;35.0
2;5600;BERRIES;3846;15;3845;56;;;3853;15;3854;56;;;3849.5;0.0
2;5600;DIVING_GEAR;99187;21;;;;;99190;21;;;;;99188.5;0.0
2;5600;PEARLS;9995;28;;;;;10005;28;;;;;10000.0;27.0
2;5600;COCONUTS;7923;193;;;;;7926;193;;;;;7924.5;-472.125
2;5600;PINA_COLADAS;14841;98;;;;;14844;98;;;;;14842.5;8.5
2;5600;BANANAS;4820;3;4817;28;;;4824;28;;;;;4822.0;35.0
2;5600;DOLPHIN_SIGHTINGS;;;;;;;;;;;;;3075.0;0.0
2;5700;DOLPHIN_SIGHTINGS;;;;;;;;;;;;;3076.0;0.0
2;5700;PINA_COLADAS;14838;26;14837;72;;;14840;26;14841;72;;;14839.0;-426.875
2;5700;BANANAS;4816;26;;;;;4823;26;;;;;4819.5;35.0
2;5700;DIVING_GEAR;99192;22;;;;;99195;22;;;;;99193.5;0.0
2;5700;PEARLS;10002;1;9996;1;9995;25;10004;1;10005;25;;;10003.0;27.0
2;5700;COCONUTS;7921;208;;;;;7924;208;;;;;7922.5;-96.25
2;5700;BERRIES;3845;15;3844;59;;;3852;15;3853;59;;;3848.5;0.0
2;5800;BANANAS;4816;21;;;;;4823;21;;;;;4819.5;35.0
2;5800;DOLPHIN_SIGHTINGS;;;;;;;;;;;;;3075.0;0.0
2;5800;DIVING_GEAR;99187;27;;;;;99190;27;;;;;99188.5;0.0
2;5800;PEARLS;9995;21;;;;;10005;21;;;;;10000.0;29.0
2;5800;COCONUTS;7921;165;;;;;7924;165;;;;;7922.5;-106.875
2;5800;BERRIES;3848;3;3845;19;3844;41;3852;19;3853;41;;;3850.0;0.0
2;5800;PINA_COLADAS;14838;77;;;;;14841;77;;;;;14839.5;-365.75
2;5900;DIVING_GEAR;99190;23;;;;;99193;23;;;;;99191.5;0.0
2;5900;PEARLS;9995;30;;;;;10005;30;;;;;10000.0;29.0
2;5900;COCONUTS;7921;202;;;;;7924;202;;;;;7922.5;-78.5
2;5900;BERRIES;3845;69;;;;;3852;15;3853;54;;;3848.5;0.0
2;5900;DOLPHIN_SIGHTINGS;;;;;;;;;;;;;3076.0;0.0
2;5900;PINA_COLADAS;14839;92;;;;;14842;92;;;;;14840.5;-243.75
2;5900;BANANAS;4817;30;;;;;4823;30;;;;;4820.0;35.0
2;6000;DIVING_GEAR;99184;5;99183;14;;;99186;5;99187;14;;;99185.0;0.0
2;6000;PEARLS;9996;2;9995;26;;;10004;2;10005;26;;;10000.0;29.0
2;6000;COCONUTS;7922;184;;;;;7925;184;;;;;7923.5;-313.25
2;6000;BERRIES;3846;14;3845;49;;;3848;1;3853;14;3854;49;3847.0;0.0
2;6000;PINA_COLADAS;14843;20;14842;74;;;14845;20;14846;74;;;14844.0;208.125
2;6000;BANANAS;4817;2;4816;26;;;4823;28;;;;;4820.0;35.0
2;6000;DOLPHIN_SIGHTINGS;;;;;;;;;;;;;3076.0;0.0
2;6100;DOLPHIN_SIGHTINGS;;;;;;;;;;;;;3076.0;0.0
2;6100;PINA_COLADAS;14839;23;14838;63;;;14841;23;14842;63;;;14840.0;-314.625
2;6100;BANANAS;4816;27;;;;;4823;27;;;;;4819.5;35.0
2;6100;DIVING_GEAR;99190;18;;;;;99193;18;;;;;99191.5;0.0
2;6100;PEARLS;9996;1;9995;26;;;10004;1;10005;26;;;10000.0;29.0
2;6100;COCONUTS;7921;181;;;;;7922;75;7924;181;;;7921.5;-122.125
2;6100;BERRIES;3846;13;3845;47;;;3849;23;3853;13;3854;47;3847.5;0.0
2;6200;BANANAS;4817;1;4816;20;;;4823;21;;;;;4820.0;40.314453125
2;6200;DOLPHIN_SIGHTINGS;;;;;;;;;;;;;3076.0;0.0
2;6200;DIVING_GEAR;99196;18;;;;;99199;18;;;;;99197.5;0.0
2;6200;PEARLS;9996;1;9995;20;;;10004;1;10005;20;;;10000.0;29.0
2;6200;COCONUTS;7921;171;;;;;7924;171;;;;;7922.5;-91.625
2;6200;BERRIES;3847;12;3846;57;;;3854;12;3855;57;;;3850.5;0.0
2;6200;PINA_COLADAS;14836;108;;;;;14839;108;;;;;14837.5;-615.5
2;6300;DIVING_GEAR;99195;8;99194;12;;;99197;8;99198;12;;;99196.0;0.0
2;6300;PEARLS;9996;2;9995;30;;;10004;2;10005;30;;;10000.0;29.0
2;6300;COCONUTS;7920;166;;;;;7922;55;7923;111;;;7921.0;188.875
2;6300;BERRIES;3847;12;3846;47;;;3849;5;3854;12;3855;47;3848.0;0.0
2;6300;DOLPHIN_SIGHTINGS;;;;;;;;;;;;;3076.0;0.0
2;6300;PINA_COLADAS;14837;37;14836;66;;;14839;37;14840;66;;;14838.0;-560.0
2;6300;BANANAS;4817;32;;;;;4823;32;;;;;4820.0;40.8251953125
2;6400;DIVING_GEAR;99192;7;99191;18;;;99194;7;99195;18;;;99193.0;0.0
2;6400;PEARLS;9996;1;9995;23;;;10004;1;10005;23;;;10000.0;29.0
2;6400;COCONUTS;7918;186;;;;;7920;44;7921;142;;;7919.0;581.875
2;6400;BERRIES;3847;18;3846;53;;;3854;18;3855;53;;;3850.5;0.0
2;6400;PINA_COLADAS;14833;85;;;;;14836;85;;;;;14834.5;-1037.0
2;6400;BANANAS;4817;23;;;;;4823;1;4824;23;;;4820.0;41.640625
2;6400;DOLPHIN_SIGHTINGS;;;;;;;;;;;;;3076.0;0.0
2;6500;DOLPHIN_SIGHTINGS;;;;;;;;;;;;;3077.0;0.0
2;6500;PINA_COLADAS;14833;88;;;;;14836;88;;;;;14834.5;-973.375
2;6500;BANANAS;4817;1;4816;26;;;4818;4;4823;26;;;4817.5;40.41015625
2;6500;DIVING_GEAR;99192;10;99191;18;;;99194;28;;;;;99193.0;0.0
2;6500;PEARLS;10002;1;9998;1;9995;26;10005;26;;;;;10003.5;29.0
2;6500;COCONUTS;7918;70;7917;127;;;7920;197;;;;;7919.0;627.0
2;6500;BERRIES;3847;18;3846;57;;;3854;18;3855;57;;;3850.5;0.0
2;6600;BANANAS;4816;27;;;;;4822;1;4823;26;;;4819.0;44.1875
2;6600;DOLPHIN_SIGHTINGS;;;;;;;;;;;;;3077.0;0.0
2;6600;DIVING_GEAR;99195;10;99194;14;;;99197;10;99198;14;;;99196.0;0.0
2;6600;PEARLS;9996;1;9995;26;;;10004;1;10005;26;;;10000.0;31.0
2;6600;COCONUTS;7916;117;;;;;7917;17;7919;157;;;7916.5;798.5
2;6600;BERRIES;3846;14;3845;53;;;3853;14;3854;53;;;3849.5;0.0
2;6600;PINA_COLADAS;14833;35;14832;110;;;14835;110;;;;;14834.0;-1105.5
2;6700;DIVING_GEAR;99186;9;99185;15;;;99188;9;99189;15;;;99187.0;0.0
2;6700;COCONUTS;7916;187;;;;;7918;55;7919;132;;;7917.0;981.25
2;6700;BERRIES;3847;15;3846;58;;;3853;15;3854;58;;;3850.0;0.0
2;6700;DOLPHIN_SIGHTINGS;;;;;;;;;;;;;3077.0;0.0
2;6700;PINA_COLADAS;14829;101;;;;;14832;101;;;;;14830.5;-1418.5
2;6700;PEARLS;10000;2;9995;22;;;10005;22;;;;;10002.5;31.0
2;6700;BANANAS;4816;22;;;;;4817;5;4823;22;;;4816.5;45.5546875
2;6800;COCONUTS;7917;173;;;;;7919;173;;;;;7918.0;803.375
2;6800;DIVING_GEAR;99179;18;;;;;99182;18;;;;;99180.5;0.0
2;6800;BERRIES;3846;11;3845;52;;;3853;11;3854;52;;;3849.5;0.0
2;6800;PINA_COLADAS;14832;38;14831;97;;;14834;97;;;;;14833.0;-1254.375
2;6800;PEARLS;9998;5;9996;2;9995;27;10004;2;10005;27;;;10001.0;31.0
2;6800;BANANAS;4817;5;4816;29;;;4823;29;;;;;4820.0;60.109375
2;6800;DOLPHIN_SIGHTINGS;;;;;;;;;;;;;3077.0;0.0
2;6900;DOLPHIN_SIGHTINGS;;;;;;;;;;;;;3077.0;0.0
2;6900;PINA_COLADAS;14827;26;14826;59;;;14829;26;14830;59;;;14828.0;-1621.0
2;6900;PEARLS;9996;2;9995;30;;;9998;5;10004;2;10005;30;9997.0;31.0
2;6900;BANANAS;4816;32;;;;;4822;2;4823;30;;;4819.0;55.46875
2;6900;COCONUTS;7915;165;;;;;7917;60;7918;105;;;7916.0;1132.0
2;6900;BERRIES;3846;11;3845;44;;;3853;11;3854;44;;;3849.5;0.0
2;6900;DIVING_GEAR;99185;18;;;;;99188;18;;;;;99186.5;0.0
2;7000;PEARLS;9998;10;9996;2;9995;26;10004;2;10005;26;;;10001.0;41.0
2;7000;BANANAS;4818;2;4816;12;4815;26;4822;28;;;;;4820.0;52.65625
2;7000;DOLPHIN_SIGHTINGS;;;;;;;;;;;;;3077.0;0.0
2;7000;COCONUTS;7914;168;;;;;7917;168;;;;;7915.5;1240.375
2;7000;BERRIES;3846;17;3845;54;;;3852;17;3853;54;;;3849.0;0.0
2;7000;DIVING_GEAR;99184;7;99183;17;;;99186;7;99187;17;;;99185.0;0.0
2;7000;PINA_COLADAS;14825;30;14824;66;;;14827;30;14828;66;;;14826.0;-1794.5
2;7100;COCONUTS;7914;48;7913;108;;;7916;156;;;;;7915.0;1374.75
2;7100;BERRIES;3849;7;3845;10;3844;43;3852;10;3853;43;;;3850.5;0.0
2;7100;DIVING_GEAR;99176;6;99175;10;;;99178;6;99179;10;;;99177.0;0.0
2;7100;DOLPHIN_SIGHTINGS;;;;;;;;;;;;;3077.0;0.0
2;7100;PINA_COLADAS;14822;21;14821;55;;;14824;21;14825;55;;;14823.0;-2052.375
2;7100;PEARLS;9998;1;9996;2;9995;26;10004;2;10005;26;;;10001.0;41.0
2;7100;BANANAS;4816;28;;;;;4817;2;4823;28;;;4816.5;58.609375
2;7200;COCONUTS;7914;188;;;;;7917;188;;;;;7915.5;1289.125
2;7200;BERRIES;3846;11;3845;53;;;3853;64;;;;;3849.5;0.0
2;7200;DIVING_GEAR;99162;20;;;;;99165;20;;;;;99163.5;0.0
2;7200;PINA_COLADAS;14822;95;;;;;14825;95;;;;;14823.5;-2032.75
2;7200;PEARLS;9996;1;9995;20;;;10004;1;10005;20;;;10000.0;41.0
2;7200;BANANAS;4815;21;;;;;4822;21;;;;;4818.5;49.0
2;7200;DOLPHIN_SIGHTINGS;;;;;;;;;;;;;3077.0;0.0
2;7300;DOLPHIN_SIGHTINGS;;;;;;;;;;;;;3077.0;0.0
2;7300;PINA_COLADAS;14823;80;;;;;14826;80;;;;;14824.5;-1934.25
2;7300;PEARLS;9995;23;;;;;10005;23;;;;;10000.0;41.0
2;7300;BANANAS;4814;23;;;;;4821;23;;;;;4817.5;39.546875
2;7300;COCONUTS;7914;202;;;;;7917;202;;;;;7915.5;1298.375
2;7300;BERRIES;3846;17;3845;43;;;3853;17;3854;43;;;3849.5;0.0
2;7300;DIVING_GEAR;99159;26;;;;;99162;26;;;;;99160.5;0.0
2;7400;BANANAS;4815;23;;;;;4821;1;4822;22;;;4818.0;46.09375
2;7400;PEARLS;9996;1;9995;22;;;10004;1;10005;22;;;10000.0;41.0
2;7400;DOLPHIN_SIGHTINGS;;;;;;;;;;;;;3077.0;0.0
2;7400;COCONUTS;7914;191;;;;;7915;70;7916;73;7917;118;7914.5;1323.0
2;7400;BERRIES;3847;16;3846;54;;;3853;16;3854;54;;;3850.0;0.0
2;7400;DIVING_GEAR;99149;9;99148;16;;;99151;9;99152;16;;;99150.0;0.0
2;7400;PINA_COLADAS;14822;75;;;;;14825;22;14826;53;;;14823.5;-1980.75
2;7500;COCONUTS;7915;184;;;;;7918;184;;;;;7916.5;1093.125
2;7500;BERRIES;3846;11;3845;50;;;3853;11;3854;50;;;3849.5;0.0
2;7500;DIVING_GEAR;99149;21;;;;;99152;21;;;;;99150.5;0.0
2;7500;DOLPHIN_SIGHTINGS;;;;;;;;;;;;;3077.0;0.0
2;7500;PINA_COLADAS;14826;107;;;;;14829;107;;;;;14827.5;-1582.625
2;7500;BANANAS;4815;2;4814;30;;;4821;32;;;;;4818.0;41.0078125
2;7500;PEARLS;9996;2;9995;30;;;10000;5;10004;2;10005;30;9998.0;41.0
2;7600;COCONUTS;7915;222;;;;;7917;75;7918;147;;;7916.0;1135.625
2;7600;BERRIES;3846;18;3845;47;;;3853;18;3854;47;;;3849.5;0.0
2;7600;PINA_COLADAS;14824;96;;;;;14827;96;;;;;14825.5;-1819.75
2;7600;BANANAS;4814;24;;;;;4821;24;;;;;4817.5;36.1484375
2;7600;DIVING_GEAR;99149;9;99148;18;;;99151;9;99152;18;;;99150.0;0.0
2;7600;PEARLS;9996;2;9995;22;;;10004;2;10005;22;;;10000.0;41.0
2;7600;DOLPHIN_SIGHTINGS;;;;;;;;;;;;;3077.0;0.0
2;7700;PINA_COLADAS;14825;80;;;;;14828;80;;;;;14826.5;-1670.875
2;7700;DOLPHIN_SIGHTINGS;;;;;;;;;;;;;3077.0;0.0
2;7700;BANANAS;4814;22;;;;;4819;7;4820;2;4821;20;4816.5;33.421875
2;7700;DIVING_GEAR;99160;8;99159;20;;;99162;8;99163;20;;;99161.0;0.0
2;7700;PEARLS;9996;2;9995;20;;;10002;8;10004;2;10005;20;9999.0;41.0
2;7700;COCONUTS;7915;169;;;;;7918;169;;;;;7916.5;1113.875
2;7700;BERRIES;3845;20;3844;59;;;3851;20;3852;59;;;3848.0;0.0
2;7800;BANANAS;4814;25;;;;;4818;5;4820;25;;;4816.0;28.546875
2;7800;DIVING_GEAR;99152;18;;;;;99154;6;99155;12;;;99153.0;0.0
2;7800;PEARLS;9996;2;9995;23;;;10002;10;10004;2;10005;23;9999.0;41.0
2;7800;DOLPHIN_SIGHTINGS;;;;;;;;;;;;;3077.0;0.0
2;7800;COCONUTS;7914;181;;;;;7917;181;;;;;7915.5;1260.5
2;7800;BERRIES;3849;4;3846;12;3845;46;3853;12;3854;46;;;3851.0;0.0
2;7800;PINA_COLADAS;14825;96;;;;;14828;96;;;;;14826.5;-1700.75
2;7900;BERRIES;3846;20;3845;45;;;3852;20;3853;45;;;3849.0;0.0
2;7900;PINA_COLADAS;14827;95;;;;;14830;95;;;;;14828.5;-1450.75
2;7900;DOLPHIN_SIGHTINGS;;;;;;;;;;;;;3077.0;0.0
2;7900;BANANAS;4813;31;;;;;4820;31;;;;;4816.5;23.796875
2;7900;DIVING_GEAR;99156;9;99155;20;;;99158;9;99159;20;;;99157.0;0.0
2;7900;PEARLS;9996;1;9995;30;;;10000;3;10004;1;10005;30;9998.0;41.0
2;7900;COCONUTS;7915;215;;;;;7918;215;;;;;7916.5;1047.625
2;8000;DOLPHIN_SIGHTINGS;;;;;;;;;;;;;3077.0;0.0
2;8000;PINA_COLADAS;14826;92;;;;;14829;92;;;;;14827.5;-1555.75
2;8000;BERRIES;3845;12;3844;48;;;3852;12;3853;48;;;3848.5;0.0
2;8000;BANANAS;4813;28;;;;;4819;29;;;;;4816.0;16.84375
2;8000;DIVING_GEAR;99148;18;;;;;99151;18;;;;;99149.5;0.0
2;8000;PEARLS;10000;2;9996;2;9995;27;10004;2;10005;27;;;10002.0;41.0
2;8000;COCONUTS;7916;63;7915;193;;;7918;193;;;;;7917.0;1079.0
2;8100;PINA_COLADAS;14823;80;;;;;14826;20;14827;60;;;14824.5;-1872.25
2;8100;BANANAS;4813;2;4812;22;;;4818;2;4819;20;;;4815.5;6.890625
2;8100;DIVING_GEAR;99142;7;99141;12;;;99144;7;99145;12;;;99143.0;0.0
2;8100;PEARLS;9998;3;9996;2;9995;20;10004;2;10005;20;;;10001.0;41.0
2;8100;COCONUTS;7914;196;;;;;7917;196;;;;;7915.5;1280.125
2;8100;BERRIES;3845;12;3844;54;;;3852;12;3853;54;;;3848.5;0.0
2;8100;DOLPHIN_SIGHTINGS;;;;;;;;;;;;;3077.0;0.0
2;8200;BANANAS;4812;28;;;;;4819;28;;;;;4815.5;8.1328125
2;8200;DIVING_GEAR;99141;10;99140;19;;;99143;29;;;;;99142.0;0.0
2;8200;PEARLS;10002;5;9996;1;9995;27;10004;1;10005;27;;;10003.0;41.0
2;8200;COCONUTS;7914;67;7913;136;;;7916;203;;;;;7915.0;1362.375
2;8200;DOLPHIN_SIGHTINGS;;;;;;;;;;;;;3077.0;0.0
2;8200;PINA_COLADAS;14823;108;;;;;14826;108;;;;;14824.5;-1878.875
2;8200;BERRIES;3846;19;3845;58;;;3853;19;3854;58;;;3849.5;0.0
2;8300;BERRIES;3846;16;3845;46;;;3853;16;3854;46;;;3849.5;0.0
2;8300;DOLPHIN_SIGHTINGS;;;;;;;;;;;;;3077.0;0.0
2;8300;PINA_COLADAS;14823;29;14822;58;;;14824;29;14826;87;;;14823.5;-1947.125
2;8300;BANANAS;4812;25;;;;;4819;25;;;;;4815.5;9.6484375
2;8300;DIVING_GEAR;99135;26;;;;;99138;26;;;;;99136.5;0.0
2;8300;PEARLS;9995;25;;;;;10005;25;;;;;10000.0;51.0
2;8300;COCONUTS;7914;57;7913;106;;;7916;163;;;;;7915.0;1375.625
2;8400;DOLPHIN_SIGHTINGS;;;;;;;;;;;;;3077.0;0.0
2;8400;PINA_COLADAS;14823;24;14822;56;;;14825;24;14826;56;;;14824.0;-1963.875
2;8400;BERRIES;3846;16;3845;54;;;3853;16;3854;54;;;3849.5;0.0
2;8400;BANANAS;4813;1;4812;26;;;4819;27;;;;;4816.0;13.375
2;8400;DIVING_GEAR;99146;25;;;;;99149;25;;;;;99147.5;0.0
2;8400;PEARLS;9996;1;9995;26;;;10004;1;10005;26;;;10000.0;51.0
2;8400;COCONUTS;7914;67;7913;143;;;7916;210;;;;;7915.0;1351.0
2;8500;PINA_COLADAS;14825;93;;;;;14828;93;;;;;14826.5;-1589.75
2;8500;BANANAS;4813;2;4812;25;;;4819;27;;;;;4816.0;17.875
2;8500;DIVING_GEAR;99147;2;99146;10;99145;16;99148;10;99149;16;;;99147.5;0.0
2;8500;PEARLS;9996;2;9995;25;;;10004;2;10005;25;;;10000.0;51.0
2;8500;COCONUTS;7914;35;7913;216;;;7916;216;;;;;7915.0;1438.75
2;8500;BERRIES;3846;16;3845;52;;;3852;16;3853;52;;;3849.0;0.0
2;8500;DOLPHIN_SIGHTINGS;;;;;;;;;;;;;3077.0;0.0
2;8600;BANANAS;4814;3;4813;31;;;4819;2;4820;29;;;4816.5;21.5546875
2;8600;DIVING_GEAR;99141;7;99140;18;;;99143;7;99144;18;;;99142.0;0.0
2;8600;PEARLS;9998;3;9996;2;9995;29;10004;2;10005;29;;;10001.0;51.0
2;8600;COCONUTS;7915;209;;;;;7917;77;7918;132;;;7916.0;1149.625
2;8600;DOLPHIN_SIGHTINGS;;;;;;;;;;;;;3077.0;0.0
2;8600;PINA_COLADAS;14828;29;14827;95;;;14830;95;;;;;14829.0;-1370.375
2;8600;BERRIES;3845;18;3844;45;;;3852;18;3853;45;;;3848.5;0.0
2;8700;BERRIES;3845;19;3844;44;;;3852;19;3853;44;;;3848.5;0.0
2;8700;DOLPHIN_SIGHTINGS;;;;;;;;;;;;;3078.0;0.0
2;8700;PINA_COLADAS;14828;35;14827;65;;;14830;35;14831;65;;;14829.0;-1270.5
2;8700;BANANAS;4813;2;4812;24;;;4819;26;;;;;4816.0;17.6953125
2;8700;DIVING_GEAR;99155;6;99154;19;;;99157;6;99158;19;;;99156.0;0.0
2;8700;PEARLS;9996;2;9995;24;;;10004;2;10005;24;;;10000.0;51.0
2;8700;COCONUTS;7915;207;;;;;7917;66;7918;141;;;7916.0;1148.25
2;8800;DOLPHIN_SIGHTINGS;;;;;;;;;;;;;3078.0;0.0
2;8800;PINA_COLADAS;14828;82;;;;;14831;82;;;;;14829.5;-1255.0
2;8800;BERRIES;3844;10;3843;53;;;3851;10;3852;53;;;3847.5;0.0
2;8800;BANANAS;4813;31;;;;;4819;2;4820;29;;;4816.0;22.61328125
2;8800;DIVING_GEAR;99150;9;99149;10;;;99152;9;99153;10;;;99151.0;0.0
2;8800;PEARLS;9996;2;9995;29;;;9998;11;10004;2;10005;29;9997.0;51.0
2;8800;COCONUTS;7914;156;;;;;7917;156;;;;;7915.5;1232.625
2;8900;PEARLS;9996;1;9995;27;;;10002;6;10004;1;10005;27;9999.0;73.0
2;8900;BANANAS;4813;28;;;;;4818;6;4820;28;;;4815.5;27.328125
2;8900;DIVING_GEAR;99147;20;;;;;99150;20;;;;;99148.5;0.0
2;8900;COCONUTS;7913;179;;;;;7916;179;;;;;7914.5;1434.0
2;8900;PINA_COLADAS;14826;103;;;;;14829;103;;;;;14827.5;-1472.75
2;8900;BERRIES;3848;3;3845;12;3844;59;3852;12;3853;59;;;3850.0;0.0
2;8900;DOLPHIN_SIGHTINGS;;;;;;;;;;;;;3078.0;0.0
2;9000;PEARLS;9998;9;9995;22;;;10005;22;;;;;10001.5;73.0
2;9000;BANANAS;4814;9;4813;22;;;4820;22;;;;;4817.0;22.9375
2;9000;COCONUTS;7912;189;;;;;7915;189;;;;;7913.5;1562.625
2;9000;DIVING_GEAR;99146;7;99145;20;;;99148;7;99149;20;;;99147.0;0.0
2;9000;DOLPHIN_SIGHTINGS;;;;;;;;;;;;;3078.0;0.0
2;9000;PINA_COLADAS;14826;30;14825;62;;;14828;30;14829;62;;;14827.0;-1540.375
2;9000;BERRIES;3845;20;3844;42;;;3851;20;3852;42;;;3848.0;0.0
2;9100;BERRIES;3844;16;3843;60;;;3851;16;3852;60;;;3847.5;0.0
2;9100;DOLPHIN_SIGHTINGS;;;;;;;;;;;;;3078.0;0.0
2;9100;PEARLS;9996;1;9995;29;;;10004;1;10005;29;;;10000.0;73.0
2;9100;BANANAS;4814;29;;;;;4820;30;;;;;4817.0;30.8125
2;9100;COCONUTS;7913;203;;;;;7915;69;7916;134;;;7914.0;1487.875
2;9100;DIVING_GEAR;99141;7;99140;16;;;99143;7;99144;16;;;99142.0;0.0
2;9100;PINA_COLADAS;14824;87;;;;;14827;87;;;;;14825.5;-1751.0
2;9200;DOLPHIN_SIGHTINGS;;;;;;;;;;;;;3078.0;0.0
2;9200;PINA_COLADAS;14825;98;;;;;14828;98;;;;;14826.5;-1597.0
2;9200;BERRIES;3844;18;3843;50;;;3851;18;3852;50;;;3847.5;0.0
2;9200;PEARLS;9996;2;9995;22;;;10002;2;10004;2;10005;22;9999.0;73.0
2;9200;BANANAS;4814;24;;;;;4819;2;4821;24;;;4816.5;37.796875
2;9200;COCONUTS;7913;224;;;;;7915;76;7916;148;;;7914.0;1494.25
2;9200;DIVING_GEAR;99144;23;;;;;99147;23;;;;;99145.5;0.0
2;9300;PEARLS;9996;1;9995;30;;;10004;1;10005;30;;;10000.0;73.0
2;9300;BANANAS;4814;31;;;;;4821;31;;;;;4817.5;36.421875
2;9300;COCONUTS;7911;179;;;;;7914;179;;;;;7912.5;1771.5
2;9300;DIVING_GEAR;99151;26;;;;;99154;26;;;;;99152.5;0.0
2;9300;PINA_COLADAS;14821;94;;;;;14824;94;;;;;14822.5;-2132.875
2;9300;BERRIES;3845;16;3844;43;;;3851;16;3852;43;;;3848.0;0.0
2;9300;DOLPHIN_SIGHTINGS;;;;;;;;;;;;;3078.0;0.0
2;9400;PEARLS;10000;2;9996;2;9995;26;10004;2;10005;26;;;10002.0;73.0
2;9400;BANANAS;4814;28;;;;;4820;28;;;;;4817.0;31.16796875
2;9400;COCONUTS;7912;217;;;;;7915;217;;;;;7913.5;1639.5
2;9400;DIVING_GEAR;99143;25;;;;;99146;25;;;;;99144.5;0.0
2;9400;DOLPHIN_SIGHTINGS;;;;;;;;;;;;;3078.0;0.0
2;9400;PINA_COLADAS;14825;102;;;;;14828;102;;;;;14826.5;-1663.375
2;9400;BERRIES;3845;19;3844;58;;;3852;77;;;;;3848.5;0.0
2;9500;BERRIES;3845;18;3844;52;;;3852;18;3853;52;;;3848.5;0.0
2;9500;DOLPHIN_SIGHTINGS;;;;;;;;;;;;;3078.0;0.0
2;9500;PEARLS;9996;2;9995;23;;;10004;2;10005;23;;;10000.0;73.0
2;9500;BANANAS;4814;25;;;;;4820;25;;;;;4817.0;33.25
2;9500;COCONUTS;7912;64;7911;106;;;7914;170;;;;;7913.0;1732.125
2;9500;DIVING_GEAR;99140;28;;;;;99143;28;;;;;99141.5;0.0
2;9500;PINA_COLADAS;14821;91;;;;;14824;91;;;;;14822.5;-2194.875
2;9600;DOLPHIN_SIGHTINGS;;;;;;;;;;;;;3077.0;0.0
2;9600;PINA_COLADAS;14825;101;;;;;14828;101;;;;;14826.5;-1592.625
2;9600;BERRIES;3845;11;3844;48;;;3851;11;3852;48;;;3848.0;0.0
2;9600;PEARLS;9995;30;;;;;10000;3;10005;30;;;9997.5;73.0
2;9600;COCONUTS;7913;192;;;;;7914;42;7916;192;;;7913.5;1485.25
2;9600;DIVING_GEAR;99138;7;99137;11;;;99140;7;99141;11;;;99139.0;0.0
2;9600;BANANAS;4814;29;;;;;4820;30;;;;;4817.0;33.30078125
2;9700;BANANAS;4814;1;4813;20;;;4820;22;;;;;4817.0;28.3984375
2;9700;PEARLS;9996;2;9995;20;;;10004;2;10005;20;;;10000.0;73.0
2;9700;COCONUTS;7914;51;7913;106;;;7916;157;;;;;7915.0;1370.25
2;9700;DIVING_GEAR;99129;6;99128;13;;;99131;6;99132;13;;;99130.0;0.0
2;9700;PINA_COLADAS;14826;91;;;;;14829;91;;;;;14827.5;-1509.5
2;9700;BERRIES;3845;13;3844;52;;;3852;65;;;;;3848.5;0.0
2;9700;DOLPHIN_SIGHTINGS;;;;;;;;;;;;;3078.0;0.0
2;9800;DIVING_GEAR;99121;9;99120;13;;;99123;9;99124;13;;;99122.0;0.0
2;9800;PEARLS;9995;21;;;;;10005;21;;;;;10000.0;73.0
2;9800;COCONUTS;7914;42;7913;105;;;7916;147;;;;;7915.0;1370.0
2;9800;BANANAS;4813;21;;;;;4820;21;;;;;4816.5;26.62109375
2;9800;DOLPHIN_SIGHTINGS;;;;;;;;;;;;;3077.0;0.0
2;9800;PINA_COLADAS;14826;33;14825;54;;;14828;33;14829;54;;;14827.0;-1554.625
2;9800;BERRIES;3845;13;3844;54;;;3852;13;3853;54;;;3848.5;0.0
2;9900;BERRIES;3846;12;3845;51;;;3852;12;3853;51;;;3849.0;0.0
2;9900;DOLPHIN_SIGHTINGS;;;;;;;;;;;;;3077.0;0.0
2;9900;BANANAS;4816;2;4813;22;;;4820;22;;;;;4818.0;24.90625
2;9900;DIVING_GEAR;99118;22;;;;;99121;22;;;;;99119.5;0.0
2;9900;PEARLS;9996;1;9995;21;;;10004;1;10005;21;;;10000.0;73.0
2;9900;COCONUTS;7914;158;;;;;7916;55;7917;103;;;7915.0;1328.25
2;9900;PINA_COLADAS;14827;28;14826;80;;;14829;80;;;;;14828.0;-1502.5
2;10000;PINA_COLADAS;14829;34;14828;70;;;14831;34;14832;70;;;14830.0;-1151.625
2;10000;DOLPHIN_SIGHTINGS;;;;;;;;;;;;;3077.0;0.0
2;10000;BERRIES;3845;12;3844;44;;;3852;12;3853;44;;;3848.5;0.0
2;10000;DIVING_GEAR;99112;19;;;;;99115;19;;;;;99113.5;0.0
2;10000;PEARLS;9996;2;9995;22;;;10004;2;10005;22;;;10000.0;73.0
2;10000;COCONUTS;7914;180;;;;;7915;57;7917;180;;;7914.5;1236.5
2;10000;BANANAS;4813;24;;;;;4820;24;;;;;4816.5;55.4375
2;10100;BANANAS;4813;23;;;;;4820;23;;;;;4816.5;55.2265625
2;10100;DIVING_GEAR;99114;18;;;;;99117;18;;;;;99115.5;0.0
2;10100;PEARLS;9996;1;9995;22;;;10004;1;10005;22;;;10000.0;73.0
2;10100;COCONUTS;7915;178;;;;;7918;178;;;;;7916.5;1070.0
2;10100;PINA_COLADAS;14830;90;;;;;14831;32;14833;90;;;14830.5;-940.25
2;10100;BERRIES;3845;10;3844;47;;;3852;10;3853;47;;;3848.5;0.0
2;10100;DOLPHIN_SIGHTINGS;;;;;;;;;;;;;3077.0;0.0
2;10200;DIVING_GEAR;99119;6;99118;14;;;99121;6;99122;14;;;99120.0;0.0
2;10200;PEARLS;10002;1;9996;2;9995;29;10004;2;10005;29;;;10003.0;73.0
2;10200;COCONUTS;7916;170;;;;;7918;67;7919;103;;;7917.0;953.375
2;10200;BANANAS;4813;31;;;;;4820;31;;;;;4816.5;55.484375
2;10200;DOLPHIN_SIGHTINGS;;;;;;;;;;;;;3077.0;0.0
2;10200;PINA_COLADAS;14830;91;;;;;14833;33;14834;58;;;14831.5;-895.75
2;10200;BERRIES;3845;14;3844;55;;;3852;14;3853;55;;;3848.5;0.0
2;10300;DOLPHIN_SIGHTINGS;;;;;;;;;;;;;3077.0;0.0
2;10300;BANANAS;4813;2;4812;25;;;4819;27;;;;;4816.0;60.05078125
2;10300;DIVING_GEAR;99120;10;99119;14;;;99122;10;99123;14;;;99121.0;0.0
2;10300;PEARLS;9996;2;9995;25;;;10004;2;10005;25;;;10000.0;75.0
2;10300;COCONUTS;7917;49;7916;189;;;7919;189;;;;;7918.0;896.625
2;10300;BERRIES;3845;14;3844;56;;;3851;14;3852;56;;;3848.0;0.0
2;10300;PINA_COLADAS;14829;93;;;;;14832;93;;;;;14830.5;-1047.75
2;10400;DOLPHIN_SIGHTINGS;;;;;;;;;;;;;3077.0;0.0
2;10400;PINA_COLADAS;14830;101;;;;;14833;101;;;;;14831.5;-946.25
2;10400;DIVING_GEAR;99121;9;99120;12;;;99123;9;99124;12;;;99122.0;0.0
2;10400;PEARLS;10002;1;9996;2;9995;25;10004;2;10005;25;;;10003.0;75.0
2;10400;COCONUTS;7916;206;;;;;7919;206;;;;;7917.5;907.5
2;10400;BERRIES;3847;1;3844;12;3843;41;3851;12;3852;41;;;3849.0;0.0
2;10400;BANANAS;4813;27;;;;;4819;27;;;;;4816.0;58.2109375
2;10500;BANANAS;4813;29;;;;;4817;8;4819;29;;;4815.0;57.7890625
2;10500;DIVING_GEAR;99115;27;;;;;99118;27;;;;;99116.5;0.0
2;10500;PEARLS;9996;2;9995;27;;;10002;8;10004;2;10005;27;9999.0;77.0
2;10500;COCONUTS;7918;177;;;;;7921;177;;;;;7919.5;578.375
2;10500;BERRIES;3844;20;3843;45;;;3851;20;3852;45;;;3847.5;0.0
2;10500;PINA_COLADAS;14835;24;14834;52;;;14838;76;;;;;14836.5;-314.5
2;10500;DOLPHIN_SIGHTINGS;;;;;;;;;;;;;3076.0;0.0
2;10600;DIVING_GEAR;99111;29;;;;;99114;29;;;;;99112.5;0.0
2;10600;PEARLS;9996;1;9995;23;;;10004;1;10005;23;;;10000.0;77.0
2;10600;COCONUTS;7918;209;;;;;7921;209;;;;;7919.5;489.375
2;10600;BERRIES;3845;19;3844;53;;;3851;19;3852;53;;;3848.0;0.0
2;10600;BANANAS;4812;24;;;;;4819;24;;;;;4815.5;61.15234375
2;10600;DOLPHIN_SIGHTINGS;;;;;;;;;;;;;3076.0;0.0
2;10600;PINA_COLADAS;14835;90;;;;;14838;90;;;;;14836.5;-280.5
2;10700;DOLPHIN_SIGHTINGS;;;;;;;;;;;;;3077.0;0.0
2;10700;BANANAS;4812;22;;;;;4818;1;4819;21;;;4815.0;63.55859375
2;10700;DIVING_GEAR;99113;24;;;;;99116;24;;;;;99114.5;0.0
2;10700;PEARLS;9996;1;9995;21;;;9998;1;10004;1;10005;21;9997.0;77.0
2;10700;COCONUTS;7918;230;;;;;7921;230;;;;;7919.5;551.5
2;10700;BERRIES;3845;14;3844;54;;;3852;68;;;;;3848.5;0.0
2;10700;PINA_COLADAS;14834;83;;;;;14837;22;14838;61;;;14835.5;-351.5
2;10800;DOLPHIN_SIGHTINGS;;;;;;;;;;;;;3076.0;0.0
2;10800;PINA_COLADAS;14836;23;14835;111;;;14838;111;;;;;14837.0;-235.875
2;10800;DIVING_GEAR;99116;27;;;;;99119;27;;;;;99117.5;0.0
2;10800;PEARLS;9995;23;;;;;10005;23;;;;;10000.0;79.0
2;10800;COCONUTS;7917;163;;;;;7920;163;;;;;7918.5;683.875
2;10800;BERRIES;3844;18;3843;44;;;3851;18;3852;44;;;3847.5;0.0
2;10800;BANANAS;4812;23;;;;;4818;23;;;;;4815.0;64.30859375
2;10900;BANANAS;4812;27;;;;;4818;27;;;;;4815.0;65.00390625
2;10900;DIVING_GEAR;99116;5;99115;16;;;99118;21;;;;;99117.0;0.0
2;10900;PEARLS;9996;2;9995;25;;;10004;2;10005;25;;;10000.0;79.0
2;10900;COCONUTS;7917;155;;;;;7920;155;;;;;7918.5;702.375
2;10900;BERRIES;3845;16;3844;46;;;3851;16;3852;46;;;3848.0;0.0
2;10900;PINA_COLADAS;14835;97;;;;;14838;97;;;;;14836.5;-297.5
2;10900;DOLPHIN_SIGHTINGS;;;;;;;;;;;;;3076.0;0.0
2;11000;DIVING_GEAR;99118;23;;;;;99121;23;;;;;99119.5;0.0
2;11000;PEARLS;9996;1;9995;21;;;10002;8;10004;1;10005;21;9999.0;79.0
2;11000;COCONUTS;7919;166;;;;;7922;166;;;;;7920.5;374.125
2;11000;BERRIES;3845;18;3844;40;;;3852;58;;;;;3848.5;0.0
2;11000;BANANAS;4812;22;;;;;4817;8;4818;1;4819;21;4814.5;62.6640625
2;11000;DOLPHIN_SIGHTINGS;;;;;;;;;;;;;3077.0;0.0
2;11000;PINA_COLADAS;14838;30;14837;55;;;14840;30;14841;55;;;14839.0;73.125
2;11100;DOLPHIN_SIGHTINGS;;;;;;;;;;;;;3076.0;0.0
2;11100;PEARLS;9996;2;9995;26;;;10004;2;10005;26;;;10000.0;79.0
2;11100;BANANAS;4812;28;;;;;4818;28;;;;;4815.0;65.5234375
2;11100;DIVING_GEAR;99117;9;99116;15;;;99119;9;99120;15;;;99118.0;0.0
2;11100;COCONUTS;7919;155;;;;;7922;155;;;;;7920.5;396.125
2;11100;BERRIES;3844;15;3843;48;;;3851;15;3852;48;;;3847.5;0.0
2;11100;PINA_COLADAS;14837;89;;;;;14840;89;;;;;14838.5;38.75
2;11200;DOLPHIN_SIGHTINGS;;;;;;;;;;;;;3077.0;0.0
2;11200;PINA_COLADAS;14839;27;14838;70;;;14841;27;14842;70;;;14840.0;200.0
2;11200;COCONUTS;7919;168;;;;;7922;168;;;;;7920.5;343.125
2;11200;DIVING_GEAR;99109;15;;;;;99112;15;;;;;99110.5;0.0
2;11200;BERRIES;3843;10;3842;49;;;3850;10;3851;49;;;3846.5;0.0
2;11200;PEARLS;9996;1;9995;27;;;10004;1;10005;27;;;10000.0;79.0
2;11200;BANANAS;4811;28;;;;;4817;28;;;;;4814.0;71.64453125
2;11300;PEARLS;9998;1;9995;26;;;10005;26;;;;;10001.5;79.0
2;11300;BANANAS;4812;1;4811;26;;;4814;5;4818;26;;;4813.0;69.484375
2;11300;COCONUTS;7919;163;;;;;7922;163;;;;;7920.5;313.125
2;11300;DIVING_GEAR;99111;8;99110;11;;;99113;8;99114;11;;;99112.0;0.0
2;11300;BERRIES;3843;11;3842;56;;;3850;11;3851;56;;;3846.5;0.0
2;11300;PINA_COLADAS;14841;29;14840;105;;;14843;105;;;;;14842.0;383.625
2;11300;DOLPHIN_SIGHTINGS;;;;;;;;;;;;;3077.0;0.0
2;11400;COCONUTS;7918;79;7917;149;;;7920;228;;;;;7919.0;654.5
2;11400;BERRIES;3843;19;3842;47;;;3850;19;3851;47;;;3846.5;0.0
2;11400;DIVING_GEAR;99108;8;99107;19;;;99110;8;99111;19;;;99109.0;0.0
2;11400;PEARLS;9995;28;;;;;10000;3;10005;28;;;9997.5;79.0
2;11400;BANANAS;4816;1;4810;28;;;4817;28;;;;;4816.5;72.23828125
2;11400;DOLPHIN_SIGHTINGS;;;;;;;;;;;;;3077.0;0.0
2;11400;PINA_COLADAS;14835;71;;;;;14838;71;;;;;14836.5;-248.375
2;11500;DOLPHIN_SIGHTINGS;;;;;;;;;;;;;3078.0;0.0
2;11500;PEARLS;9995;27;;;;;10005;27;;;;;10000.0;79.0
2;11500;BANANAS;4811;27;;;;;4817;27;;;;;4814.0;74.1728515625
2;11500;COCONUTS;7918;183;;;;;7920;71;7921;112;;;7919.0;603.25
2;11500;BERRIES;3844;17;3843;47;;;3850;17;3851;47;;;3847.0;0.0
2;11500;DIVING_GEAR;99097;24;;;;;99100;24;;;;;99098.5;0.0
2;11500;PINA_COLADAS;14833;87;;;;;14836;21;14837;66;;;14834.5;-486.375
2;11600;DOLPHIN_SIGHTINGS;;;;;;;;;;;;;3078.0;0.0
2;11600;PINA_COLADAS;14836;87;;;;;14839;87;;;;;14837.5;-149.75
2;11600;COCONUTS;7919;175;;;;;7921;40;7922;135;;;7920.0;430.75
2;11600;BERRIES;3847;1;3844;14;3843;60;3851;14;3852;60;;;3849.0;0.0
2;11600;DIVING_GEAR;99102;20;;;;;99105;20;;;;;99103.5;0.0
2;11600;PEARLS;9995;27;;;;;9998;1;10005;27;;;9996.5;79.0
2;11600;BANANAS;4811;27;;;;;4817;27;;;;;4814.0;73.8359375
2;11700;PEARLS;9996;2;9995;21;;;10004;2;10005;21;;;10000.0;81.0
2;11700;BANANAS;4815;5;4811;2;4810;21;4817;23;;;;;4816.0;74.759765625
2;11700;COCONUTS;7920;64;7919;128;;;7922;192;;;;;7921.0;281.625
2;11700;BERRIES;3843;14;3842;57;;;3850;14;3851;57;;;3846.5;0.0
2;11700;DIVING_GEAR;99104;20;;;;;99107;20;;;;;99105.5;0.0
2;11700;PINA_COLADAS;14839;22;14838;51;;;14840;26;14841;22;14842;51;14839.5;213.125
2;11700;DOLPHIN_SIGHTINGS;;;;;;;;;;;;;3078.0;0.0
2;11800;COCONUTS;7919;213;;;;;7922;213;;;;;7920.5;316.75
2;11800;BERRIES;3843;10;3842;58;;;3850;68;;;;;3846.5;0.0
2;11800;DIVING_GEAR;99108;16;;;;;99111;16;;;;;99109.5;0.0
2;11800;BANANAS;4811;27;;;;;4817;22;;;;;4814.0;74.3125
2;11800;PEARLS;9998;5;9995;22;;;10005;22;;;;;10001.5;81.0
2;11800;DOLPHIN_SIGHTINGS;;;;;;;;;;;;;3078.0;0.0
2;11800;PINA_COLADAS;14841;88;;;;;14844;88;;;;;14842.5;556.0
2;11900;DOLPHIN_SIGHTINGS;;;;;;;;;;;;;3078.0;0.0
2;11900;BANANAS;4811;30;;;;;4817;2;4818;28;;;4814.0;73.607421875
2;11900;PEARLS;9996;2;9995;28;;;10004;2;10005;28;;;10000.0;81.0
2;11900;COCONUTS;7920;170;;;;;7923;170;;;;;7921.5;136.375
2;11900;BERRIES;3842;20;3841;44;;;3849;20;3850;44;;;3845.5;0.0
2;11900;DIVING_GEAR;99105;8;99104;20;;;99107;8;99108;20;;;99106.0;0.0
2;11900;PINA_COLADAS;14843;40;14842;75;;;14846;115;;;;;14844.5;773.5
2;12000;DOLPHIN_SIGHTINGS;;;;;;;;;;;;;3077.0;0.0
2;12000;PINA_COLADAS;14845;36;14844;97;;;14847;32;14848;65;;;14846.0;1005.0
2;12000;COCONUTS;7921;213;;;;;7924;213;;;;;7922.5;-55.25
2;12000;BERRIES;3843;11;3842;45;;;3850;11;3851;45;;;3846.5;0.0
2;12000;BANANAS;4812;5;4811;25;;;4817;25;;;;;4814.5;73.896484375
2;12000;DIVING_GEAR;99114;8;99113;11;;;99116;19;;;;;99115.0;0.0
2;12000;PEARLS;9998;8;9995;25;;;10005;25;;;;;10001.5;81.0
2;12100;BANANAS;4811;27;;;;;4817;27;;;;;4814.0;74.1845703125
2;12100;DIVING_GEAR;99116;19;;;;;99119;19;;;;;99117.5;0.0
2;12100;PEARLS;9995;27;;;;;9998;1;10005;27;;;9996.5;81.0
2;12100;COCONUTS;7923;187;;;;;7926;187;;;;;7924.5;-315.625
2;12100;BERRIES;3843;14;3842;50;;;3850;14;3851;50;;;3846.5;0.0
2;12100;PINA_COLADAS;14845;102;;;;;14848;102;;;;;14846.5;1078.375
2;12100;DOLPHIN_SIGHTINGS;;;;;;;;;;;;;3077.0;0.0
2;12200;COCONUTS;7922;211;;;;;7925;211;;;;;7923.5;-179.5
2;12200;BERRIES;3843;18;3842;47;;;3850;18;3851;47;;;3846.5;0.0
2;12200;BANANAS;4810;22;;;;;4816;1;4817;21;;;4813.0;76.0009765625
2;12200;DIVING_GEAR;99122;8;99121;18;;;99124;8;99125;18;;;99123.0;0.0
2;12200;PEARLS;9996;1;9995;21;;;10004;1;10005;21;;;10000.0;83.0
2;12200;PINA_COLADAS;14847;100;;;;;14850;26;14851;74;;;14848.5;1416.625
2;12200;DOLPHIN_SIGHTINGS;;;;;;;;;;;;;3078.0;0.0
2;12300;DOLPHIN_SIGHTINGS;;;;;;;;;;;;;3078.0;0.0
2;12300;BANANAS;4815;1;4810;25;;;4816;2;4817;23;;;4815.5;78.3818359375
2;12300;DIVING_GEAR;99117;20;;;;;99120;20;;;;;99118.5;0.0
2;12300;PEARLS;9996;2;9995;23;;;10004;2;10005;23;;;10000.0;83.0
2;12300;COCONUTS;7923;199;;;;;7925;75;7926;124;;;7924.0;-310.875
2;12300;BERRIES;3843;12;3842;43;;;3850;12;3851;43;;;3846.5;0.0
2;12300;PINA_COLADAS;14848;80;;;;;14851;80;;;;;14849.5;1500.625
2;12400;PINA_COLADAS;14855;103;;;;;14858;103;;;;;14856.5;2484.875
2;12400;DOLPHIN_SIGHTINGS;;;;;;;;;;;;;3078.0;0.0
2;12400;BERRIES;3846;1;3843;10;3842;47;3850;57;;;;;3848.0;0.0
2;12400;BANANAS;4815;1;4810;29;;;4817;29;;;;;4816.0;79.3916015625
2;12400;DIVING_GEAR;99115;17;;;;;99118;17;;;;;99116.5;0.0
2;12400;PEARLS;9996;1;9995;28;;;10004;1;10005;28;;;10000.0;83.0
2;12400;COCONUTS;7924;193;;;;;7927;193;;;;;7925.5;-541.625
2;12500;BANANAS;4811;2;4810;26;;;4817;26;;;;;4814.0;78.9921875
2;12500;DIVING_GEAR;99123;8;99122;12;;;99125;8;99126;12;;;99124.0;0.0
2;12500;PEARLS;9998;2;9995;26;;;10005;26;;;;;10001.5;83.0
2;12500;COCONUTS;7925;45;7924;131;;;7927;176;;;;;7926.0;-607.25
2;12500;PINA_COLADAS;14852;38;14851;57;;;14854;38;14855;57;;;14853.0;1977.625
2;12500;BERRIES;3843;12;3842;52;;;3850;12;3851;52;;;3846.5;0.0
2;12500;DOLPHIN_SIGHTINGS;;;;;;;;;;;;;3077.0;0.0
2;12600;BERRIES;3843;16;3842;56;;;3849;16;3850;56;;;3846.0;0.0
2;12600;BANANAS;4811;1;4810;24;;;4817;25;;;;;4814.0;78.8466796875
2;12600;DIVING_GEAR;99122;25;;;;;99125;25;;;;;99123.5;0.0
2;12600;PEARLS;10002;1;9996;1;9995;24;10004;1;10005;24;;;10003.0;83.0
2;12600;COCONUTS;7926;213;;;;;7929;213;;;;;7927.5;-949.25
2;12600;PINA_COLADAS;14857;36;14856;105;;;14859;105;;;;;14858.0;2591.25
2;12600;DOLPHIN_SIGHTINGS;;;;;;;;;;;;;3077.0;0.0
2;12700;DOLPHIN_SIGHTINGS;;;;;;;;;;;;;3077.0;0.0
2;12700;BANANAS;4811;19;;;;;4816;5;4818;20;;;4813.5;77.630859375
2;12700;DIVING_GEAR;99122;7;99121;10;;;99124;7;99125;10;;;99123.0;0.0
2;12700;PEARLS;9995;20;;;;;10002;5;10005;20;;;9998.5;87.0
2;12700;COCONUTS;7927;57;7926;146;;;7929;203;;;;;7928.0;-966.5
2;12700;PINA_COLADAS;14860;32;14859;75;;;14862;32;14863;75;;;14861.0;3058.875
2;12700;BERRIES;3842;10;3841;43;;;3849;10;3850;43;;;3845.5;0.0
2;12800;PINA_COLADAS;14859;31;14858;81;;;14861;81;;;;;14860.0;2831.25
2;12800;DOLPHIN_SIGHTINGS;;;;;;;;;;;;;3077.0;0.0
2;12800;BERRIES;3842;16;3841;43;;;3844;11;3849;16;3850;43;3843.0;0.0
2;12800;BANANAS;4811;24;;;;;4817;24;;;;;4814.0;77.919921875
2;12800;DIVING_GEAR;99130;24;;;;;99133;24;;;;;99131.5;0.0
2;12800;PEARLS;9996;2;9995;22;;;10004;2;10005;22;;;10000.0;87.0
2;12800;COCONUTS;7926;209;;;;;7929;209;;;;;7927.5;-921.375
2;12900;BANANAS;4811;29;;;;;4816;10;4817;2;4818;27;4813.5;77.486328125
2;12900;DIVING_GEAR;99139;3;99137;24;;;99140;24;;;;;99139.5;0.0
2;12900;PEARLS;9996;2;9995;27;;;10002;10;10004;2;10005;27;9999.0;87.0
2;12900;COCONUTS;7927;40;7926;162;;;7929;162;;;;;7928.0;-926.375
2;12900;PINA_COLADAS;14857;90;;;;;14860;90;;;;;14858.5;2707.0
2;12900;BERRIES;3842;18;3841;52;;;3849;18;3850;52;;;3845.5;0.0
2;12900;DOLPHIN_SIGHTINGS;;;;;;;;;;;;;3077.0;0.0
2;13000;BERRIES;3842;10;3841;45;;;3849;10;3850;45;;;3845.5;0.0
2;13000;BANANAS;4815;1;4811;27;;;4817;27;;;;;4816.0;78.228515625
2;13000;DIVING_GEAR;99138;19;;;;;99141;19;;;;;99139.5;0.0
2;13000;PEARLS;10002;3;9996;1;9995;26;10004;1;10005;26;;;10003.0;87.0
2;13000;COCONUTS;7925;184;;;;;7928;184;;;;;7926.5;-774.25
2;13000;PINA_COLADAS;14855;70;;;;;14858;70;;;;;14856.5;2464.25
2;13000;DOLPHIN_SIGHTINGS;;;;;;;;;;;;;3077.0;0.0
2;13100;DOLPHIN_SIGHTINGS;;;;;;;;;;;;;3077.0;0.0
2;13100;BANANAS;4812;5;4811;26;;;4817;26;;;;;4814.5;78.828125
2;13100;DIVING_GEAR;99149;26;;;;;99152;26;;;;;99150.5;0.0
2;13100;PEARLS;9998;5;9996;1;9995;25;10004;1;10005;25;;;10001.0;93.0
2;13100;COCONUTS;7926;174;;;;;7929;174;;;;;7927.5;-917.625
2;13100;PINA_COLADAS;14856;109;;;;;14859;109;;;;;14857.5;2587.5
2;13100;BERRIES;3845;4;3842;17;3841;56;3849;17;3850;56;;;3847.0;0.0
2;13200;PINA_COLADAS;14858;29;14857;55;;;14860;29;14861;55;;;14859.0;2793.0
2;13200;DOLPHIN_SIGHTINGS;;;;;;;;;;;;;3077.0;0.0
2;13200;BERRIES;3842;15;3841;54;;;3849;15;3850;54;;;3845.5;0.0
2;13200;BANANAS;4810;31;;;;;4815;10;4816;1;4817;30;4812.5;81.759765625
2;13200;DIVING_GEAR;99140;20;;;;;99143;20;;;;;99141.5;0.0
2;13200;PEARLS;9996;1;9995;30;;;10002;10;10004;1;10005;30;9999.0;93.0
2;13200;COCONUTS;7927;181;;;;;7930;181;;;;;7928.5;-1136.125
2;13300;PEARLS;10002;1;9996;1;9995;27;10004;1;10005;27;;;10003.0;93.0
2;13300;BANANAS;4810;27;;;;;4816;1;4817;27;;;4813.0;82.232421875
2;13300;DIVING_GEAR;99139;23;;;;;99142;23;;;;;99140.5;0.0
2;13300;COCONUTS;7927;170;;;;;7930;170;;;;;7928.5;-1106.0
2;13300;BERRIES;3842;18;3841;46;;;3848;18;3849;46;;;3845.0;0.0
2;13300;DOLPHIN_SIGHTINGS;;;;;;;;;;;;;3077.0;0.0
2;13300;PINA_COLADAS;14857;113;;;;;14860;113;;;;;14858.5;2762.75
2;13400;BERRIES;3842;10;3841;40;;;3848;10;3849;40;;;3845.0;0.0
2;13400;PEARLS;10000;2;9995;22;;;10005;22;;;;;10002.5;95.0
2;13400;BANANAS;4809;22;;;;;4810;1;4816;22;;;4809.5;84.046875
2;13400;COCONUTS;7927;177;;;;;7930;177;;;;;7928.5;-1137.25
2;13400;DIVING_GEAR;99136;8;99135;10;;;99138;8;99139;10;;;99137.0;0.0
2;13400;PINA_COLADAS;14855;20;14854;62;;;14856;23;14857;20;14858;62;14855.5;2394.875
2;13400;DOLPHIN_SIGHTINGS;;;;;;;;;;;;;3077.0;0.0
2;13500;DOLPHIN_SIGHTINGS;;;;;;;;;;;;;3077.0;0.0
2;13500;PINA_COLADAS;14858;21;14857;58;;;14860;21;14861;58;;;14859.0;2906.25
2;13500;PEARLS;9996;2;9995;26;;;10004;2;10005;26;;;10000.0;95.0
2;13500;BANANAS;4810;2;4809;26;;;4816;28;;;;;4813.0;87.025390625
2;13500;COCONUTS;7928;184;;;;;7931;184;;;;;7929.5;-1239.75
2;13500;DIVING_GEAR;99144;17;;;;;99147;17;;;;;99145.5;0.0
2;13500;BERRIES;3842;11;3841;40;;;3849;11;3850;40;;;3845.5;0.0
2;13600;DOLPHIN_SIGHTINGS;;;;;;;;;;;;;3078.0;0.0
2;13600;BERRIES;3842;14;3841;60;;;3849;14;3850;60;;;3845.5;0.0
2;13600;PEARLS;10002;1;9995;22;;;10005;22;;;;;10003.5;95.0
2;13600;BANANAS;4809;22;;;;;4816;22;;;;;4812.5;86.6796875
2;13600;COCONUTS;7926;192;;;;;7929;192;;;;;7927.5;-950.5
2;13600;DIVING_GEAR;99153;24;;;;;99156;24;;;;;99154.5;0.0
2;13600;PINA_COLADAS;14854;18;14853;52;;;14856;29;14857;52;;;14855.0;2199.5
2;13700;PEARLS;9996;2;9995;29;;;10004;2;10005;29;;;10000.0;97.0
2;13700;BANANAS;4815;1;4810;31;;;4816;31;;;;;4815.5;85.990234375
2;13700;COCONUTS;7926;25;7925;131;;;7928;183;;;;;7927.0;-805.875
2;13700;DIVING_GEAR;99150;27;;;;;99153;27;;;;;99151.5;0.0
2;13700;BERRIES;3841;19;3840;51;;;3848;19;3849;51;;;3844.5;0.0
2;13700;DOLPHIN_SIGHTINGS;;;;;;;;;;;;;3078.0;0.0
2;13700;PINA_COLADAS;14853;82;;;;;14856;82;;;;;14854.5;2068.0
2;13800;BERRIES;3842;14;3841;57;;;3848;14;3849;57;;;3845.0;0.0
2;13800;PEARLS;9998;4;9995;26;;;10005;26;;;;;10001.5;97.0
2;13800;BANANAS;4811;4;4810;26;;;4817;26;;;;;4814.0;87.48046875
2;13800;COCONUTS;7926;45;7925;102;;;7928;147;;;;;7927.0;-779.875
2;13800;DIVING_GEAR;99151;8;99150;14;;;99153;8;99154;14;;;99152.0;0.0
2;13800;PINA_COLADAS;14854;95;;;;;14857;95;;;;;14855.5;2311.25
2;13800;DOLPHIN_SIGHTINGS;;;;;;;;;;;;;3078.0;0.0
2;13900;DOLPHIN_SIGHTINGS;;;;;;;;;;;;;3078.0;0.0
2;13900;PINA_COLADAS;14854;93;;;;;14857;93;;;;;14855.5;2231.5
2;13900;PEARLS;10000;4;9996;2;9995;20;10002;3;10004;2;10005;20;10001.0;97.0
2;13900;BANANAS;4810;22;;;;;4815;3;4816;2;4817;20;4812.5;87.302734375
2;13900;COCONUTS;7925;209;;;;;7928;209;;;;;7926.5;-743.125
2;13900;DIVING_GEAR;99156;27;;;;;99159;27;;;;;99157.5;0.0
2;13900;BERRIES;3841;20;3840;60;;;3848;20;3849;60;;;3844.5;0.0
2;14000;BANANAS;4810;23;;;;;4817;23;;;;;4813.5;86.380859375
2;14000;DOLPHIN_SIGHTINGS;;;;;;;;;;;;;3077.0;0.0
2;14000;BERRIES;3841;20;3840;49;;;3848;20;3849;49;;;3844.5;0.0
2;14000;PEARLS;10002;1;9996;2;9995;21;10004;2;10005;21;;;10003.0;97.0
2;14000;COCONUTS;7925;147;;;;;7928;147;;;;;7926.5;-707.0
2;14000;DIVING_GEAR;99159;9;99158;20;;;99161;9;99162;20;;;99160.0;0.0
2;14000;PINA_COLADAS;14853;89;;;;;14856;89;;;;;14854.5;2067.0
2;14100;PEARLS;9998;7;9996;1;9995;24;10004;1;10005;24;;;10001.0;99.0
2;14100;COCONUTS;7925;175;;;;;7928;175;;;;;7926.5;-742.875
2;14100;DIVING_GEAR;99160;18;;;;;99163;18;;;;;99161.5;0.0
2;14100;BERRIES;3841;11;3840;40;;;3848;11;3849;40;;;3844.5;0.0
2;14100;DOLPHIN_SIGHTINGS;;;;;;;;;;;;;3077.0;0.0
2;14100;PINA_COLADAS;14852;93;;;;;14855;93;;;;;14853.5;1963.5
2;14100;BANANAS;4811;7;4810;25;;;4816;1;4817;24;;;4813.5;86.771484375
2;14200;BERRIES;3842;11;3841;58;;;3848;11;3849;58;;;3845.0;0.0
2;14200;DIVING_GEAR;99166;8;99165;11;;;99168;8;99169;11;;;99167.0;0.0
2;14200;PEARLS;9996;2;9995;24;;;10004;2;10005;24;;;10000.0;99.0
2;14200;COCONUTS;7924;69;7923;118;;;7926;187;;;;;7925.0;-420.5
2;14200;PINA_COLADAS;14850;89;;;;;14851;29;14853;89;;;14850.5;1523.0
2;14200;BANANAS;4810;26;;;;;4816;2;4817;24;;;4813.0;87.416015625
2;14200;DOLPHIN_SIGHTINGS;;;;;;;;;;;;;3077.0;0.0
2;14300;DOLPHIN_SIGHTINGS;;;;;;;;;;;;;3076.0;0.0
2;14300;PINA_COLADAS;14848;96;;;;;14851;24;14852;72;;;14849.5;1227.75
2;14300;BANANAS;4810;23;;;;;4817;23;;;;;4813.5;85.736328125
2;14300;DIVING_GEAR;99177;21;;;;;99180;21;;;;;99178.5;0.0
2;14300;PEARLS;10000;6;9996;1;9995;22;10004;1;10005;22;;;10002.0;99.0
2;14300;COCONUTS;7924;65;7923;191;;;7926;191;;;;;7925.0;-389.875
2;14300;BERRIES;3845;12;3842;16;3841;53;3849;16;3850;53;;;3847.0;0.0
2;14400;BANANAS;4811;2;4810;25;;;4817;27;;;;;4814.0;84.619140625
2;14400;DOLPHIN_SIGHTINGS;;;;;;;;;;;;;3076.0;0.0
2;14400;BERRIES;3841;70;;;;;3848;17;3849;53;;;3844.5;0.0
2;14400;DIVING_GEAR;99178;9;99177;17;;;99180;9;99181;17;;;99179.0;0.0
2;14400;PEARLS;10002;1;9996;2;9995;25;10004;2;10005;25;;;10003.0;99.0
2;14400;COCONUTS;7926;80;7925;180;;;7927;50;7928;130;;;7926.5;-652.125
2;14400;PINA_COLADAS;14851;76;;;;;14854;76;;;;;14852.5;1801.0
2;14500;DIVING_GEAR;99171;8;99170;20;;;99173;8;99174;20;;;99172.0;0.0
2;14500;PEARLS;10000;2;9998;2;9996;2;10004;2;10005;28;;;10002.0;101.0
2;14500;COCONUTS;7925;195;;;;;7928;195;;;;;7926.5;-815.625
2;14500;BERRIES;3841;20;3840;42;;;3848;20;3849;42;;;3844.5;0.0
2;14500;PINA_COLADAS;14856;103;;;;;14859;103;;;;;14857.5;2786.0
2;14500;DOLPHIN_SIGHTINGS;;;;;;;;;;;;;3076.0;0.0
2;14500;BANANAS;4812;2;4811;30;;;4817;2;4818;28;;;4814.5;83.2734375
2;14600;BERRIES;3842;17;3841;56;;;3848;17;3849;56;;;3845.0;0.0
2;14600;DIVING_GEAR;99170;26;;;;;99172;9;99173;17;;;99171.0;0.0
2;14600;PEARLS;9996;1;9995;27;;;9998;1;10004;1;10005;27;9997.0;101.0
2;14600;COCONUTS;7926;193;;;;;7929;193;;;;;7927.5;-968.625
2;14600;PINA_COLADAS;14858;83;;;;;14861;83;;;;;14859.5;3269.75
2;14600;BANANAS;4811;28;;;;;4818;28;;;;;4814.5;82.029296875
2;14600;DOLPHIN_SIGHTINGS;;;;;;;;;;;;;3076.0;0.0
2;14700;DOLPHIN_SIGHTINGS;;;;;;;;;;;;;3076.0;0.0
2;14700;PINA_COLADAS;14859;90;;;;;14862;90;;;;;14860.5;3422.75
2;14700;BANANAS;4811;4;4810;25;;;4817;25;;;;;4814.0;86.138671875
2;14700;DIVING_GEAR;99170;5;99169;12;;;99172;5;99173;12;;;99171.0;0.0
2;14700;PEARLS;9998;3;9995;25;;;10005;25;;;;;10001.5;103.0
2;14700;COCONUTS;7928;47;7927;146;;;7930;193;;;;;7929.0;-1374.25
2;14700;BERRIES;3842;12;3841;55;;;3848;12;3849;55;;;3845.0;0.0
2;14800;BANANAS;4810;24;;;;;4816;24;;;;;4813.0;87.568359375
2;14800;DOLPHIN_SIGHTINGS;;;;;;;;;;;;;3077.0;0.0
2;14800;DIVING_GEAR;99167;23;;;;;99169;10;99170;13;;;99168.0;0.0
2;14800;PEARLS;9996;1;9995;23;;;10004;1;10005;23;;;10000.0;103.0
2;14800;COCONUTS;7926;177;;;;;7929;177;;;;;7927.5;-954.0
2;14800;BERRIES;3842;13;3841;57;;;3848;13;3849;57;;;3845.0;0.0
2;14800;PINA_COLADAS;14856;92;;;;;14859;92;;;;;14857.5;2861.0
2;14900;DIVING_GEAR;99171;7;99170;18;;;99173;7;99174;18;;;99172.0;0.0
2;14900;PEARLS;9996;2;9995;20;;;10004;2;10005;20;;;10000.0;103.0
2;14900;COCONUTS;7925;57;7924;141;;;7927;198;;;;;7926.0;-627.25
2;14900;BERRIES;3841;18;3840;48;;;3848;18;3849;48;;;3844.5;0.0
2;14900;DOLPHIN_SIGHTINGS;;;;;;;;;;;;;3077.0;0.0
2;14900;PINA_COLADAS;14855;90;;;;;14858;90;;;;;14856.5;2679.0
2;14900;BANANAS;4810;22;;;;;4816;2;4817;20;;;4813.0;87.341796875
2;15000;DIVING_GEAR;99175;27;;;;;99178;27;;;;;99176.5;0.0
2;15000;PEARLS;9996;1;9995;29;;;10004;1;10005;29;;;10000.0;103.0
2;15000;COCONUTS;7924;201;;;;;7927;201;;;;;7925.5;-495.5
2;15000;BERRIES;3842;20;3841;42;;;3848;20;3849;42;;;3845.0;0.0
2;15000;PINA_COLADAS;14854;94;;;;;14857;94;;;;;14855.5;2384.25
2;15000;BANANAS;4809;29;;;;;4816;30;;;;;4812.5;89.36328125
2;15000;DOLPHIN_SIGHTINGS;;;;;;;;;;;;;3076.0;0.0
2;15100;DOLPHIN_SIGHTINGS;;;;;;;;;;;;;3076.0;0.0
2;15100;PINA_COLADAS;14856;88;;;;;14859;88;;;;;14857.5;2794.75
2;15100;BANANAS;4809;22;;;;;4816;22;;;;;4812.5;89.869140625
2;15100;DIVING_GEAR;99180;17;;;;;99183;17;;;;;99181.5;0.0
2;15100;PEARLS;9996;1;9995;21;;;10004;1;10005;21;;;10000.0;103.0
2;15100;COCONUTS;7925;181;;;;;7927;64;7928;117;;;7926.0;-654.625
2;15100;BERRIES;3841;55;;;;;3848;11;3849;44;;;3844.5;0.0
2;15200;BANANAS;4810;24;;;;;4816;24;;;;;4813.0;93.9599609375
2;15200;DOLPHIN_SIGHTINGS;;;;;;;;;;;;;3076.0;0.0
2;15200;DIVING_GEAR;99183;6;99182;12;;;99185;3;99186;12;;;99184.0;0.0
2;15200;PEARLS;9995;24;;;;;10005;24;;;;;10000.0;103.0
2;15200;COCONUTS;7925;183;;;;;7928;183;;;;;7926.5;-752.0
2;15200;BERRIES;3841;12;3840;52;;;3848;12;3849;52;;;3844.5;0.0
2;15200;PINA_COLADAS;14859;89;;;;;14862;89;;;;;14860.5;3408.25
2;15300;DIVING_GEAR;99184;20;;;;;99187;20;;;;;99185.5;0.0
2;15300;PEARLS;9996;2;9995;24;;;10004;2;10005;24;;;10000.0;103.0
2;15300;COCONUTS;7926;175;;;;;7927;55;7929;175;;;7926.5;-1081.125
2;15300;BERRIES;3840;15;3839;43;;;3847;15;3848;43;;;3843.5;0.0
2;15300;DOLPHIN_SIGHTINGS;;;;;;;;;;;;;3076.0;0.0
2;15300;PINA_COLADAS;14862;81;;;;;14865;81;;;;;14863.5;4012.25
2;15300;BANANAS;4810;26;;;;;4816;26;;;;;4813.0;94.1328125
2;15400;DIVING_GEAR;99178;6;99177;14;;;99180;6;99181;14;;;99179.0;0.0
2;15400;PEARLS;9998;3;9995;29;;;10005;29;;;;;10001.5;103.0
2;15400;COCONUTS;7928;153;;;;;7930;43;7931;110;;;7929.0;-1336.375
2;15400;BERRIES;3840;14;3839;45;;;3846;14;3847;45;;;3843.0;0.0
2;15400;PINA_COLADAS;14865;40;14864;64;;;14867;40;14868;64;;;14866.0;4595.5
2;15400;BANANAS;4811;6;4810;29;;;4816;29;;;;;4813.5;93.8408203125
2;15400;DOLPHIN_SIGHTINGS;;;;;;;;;;;;;3076.0;0.0
2;15500;DOLPHIN_SIGHTINGS;;;;;;;;;;;;;3076.0;0.0
2;15500;PINA_COLADAS;14865;91;;;;;14868;91;;;;;14866.5;4643.0
2;15500;PEARLS;9996;2;9995;25;;;10004;2;10005;25;;;10000.0;103.0
2;15500;BANANAS;4810;27;;;;;4816;27;;;;;4813.0;93.8544921875
2;15500;DIVING_GEAR;99176;7;99175;20;;;99178;27;;;;;99177.0;0.0
2;15500;COCONUTS;7928;213;;;;;7931;213;;;;;7929.5;-1352.5
2;15500;BERRIES;3840;20;3839;59;;;3846;20;3847;59;;;3843.0;0.0
2;15600;PEARLS;9996;1;9995;24;;;9998;1;10004;1;10005;24;9997.0;103.0
2;15600;BANANAS;4810;25;;;;;4816;25;;;;;4813.0;93.7890625
2;15600;DOLPHIN_SIGHTINGS;;;;;;;;;;;;;3076.0;0.0
2;15600;COCONUTS;7928;205;;;;;7931;205;;;;;7929.5;-1439.625
2;15600;DIVING_GEAR;99170;28;;;;;99173;28;;;;;99171.5;0.0
2;15600;BERRIES;3839;19;3838;55;;;3846;19;3847;55;;;3842.5;0.0
2;15600;PINA_COLADAS;14866;38;14865;53;;;14868;38;14869;53;;;14867.0;4784.0
2;15700;COCONUTS;7929;180;;;;;7931;44;7932;136;;;7930.0;-1522.25
2;15700;DIVING_GEAR;99172;5;99171;16;;;99174;5;99175;16;;;99173.0;0.0
2;15700;BERRIES;3840;16;3839;45;;;3846;16;3847;45;;;3843.0;0.0
2;15700;DOLPHIN_SIGHTINGS;;;;;;;;;;;;;3075.0;0.0
2;15700;PINA_COLADAS;14866;88;;;;;14869;38;14870;50;;;14867.5;4971.25
2;15700;PEARLS;9995;26;;;;;10005;26;;;;;10000.0;105.0
2;15700;BANANAS;4810;26;;;;;4817;26;;;;;4813.5;92.7021484375
2;15800;COCONUTS;7929;189;;;;;7932;189;;;;;7930.5;-1600.875
2;15800;BERRIES;3839;19;3838;45;;;3842;6;3846;19;3847;45;3840.5;0.0
2;15800;DIVING_GEAR;99171;9;99170;19;;;99173;9;99174;19;;;99172.0;0.0
2;15800;PINA_COLADAS;14867;99;;;;;14870;99;;;;;14868.5;5110.0
2;15800;PEARLS;9995;25;;;;;10005;25;;;;;10000.0;105.0
2;15800;BANANAS;4810;25;;;;;4817;25;;;;;4813.5;92.9091796875
2;15800;DOLPHIN_SIGHTINGS;;;;;;;;;;;;;3075.0;0.0
2;15900;DOLPHIN_SIGHTINGS;;;;;;;;;;;;;3075.0;0.0
2;15900;PINA_COLADAS;14865;90;;;;;14868;90;;;;;14866.5;4742.5
2;15900;PEARLS;9996;2;9995;23;;;10004;2;10005;23;;;10000.0;105.0
2;15900;BANANAS;4810;25;;;;;4816;2;4817;23;;;4813.0;93.708984375
2;15900;COCONUTS;7929;58;7928;116;;;7931;174;;;;;7930.0;-1502.125
2;15900;BERRIES;3843;13;3840;16;3839;44;3847;60;;;;;3845.0;0.0
2;15900;DIVING_GEAR;99170;21;;;;;99173;21;;;;;99171.5;0.0
2;16000;PEARLS;9995;20;;;;;10005;20;;;;;10000.0;105.0
2;16000;BANANAS;4810;20;;;;;4817;20;;;;;4813.5;92.96484375
2;16000;DOLPHIN_SIGHTINGS;;;;;;;;;;;;;3075.0;0.0
2;16000;COCONUTS;7928;139;;;;;7929;17;7931;179;;;7928.5;-1476.125
2;16000;BERRIES;3840;10;3839;51;;;3847;10;3848;51;;;3843.5;0.0
2;16000;DIVING_GEAR;99173;15;;;;;99176;15;;;;;99174.5;0.0
2;16000;PINA_COLADAS;14862;97;;;;;14865;97;;;;;14863.5;4110.25
2;16100;COCONUTS;7929;179;;;;;7932;179;;;;;7930.5;-1982.75
2;16100;BERRIES;3840;19;3839;49;;;3843;1;3847;19;3848;49;3841.5;0.0
2;16100;DIVING_GEAR;99171;28;;;;;99174;28;;;;;99172.5;0.0
2;16100;DOLPHIN_SIGHTINGS;;;;;;;;;;;;;3075.0;0.0
2;16100;PINA_COLADAS;14863;80;;;;;14864;6;14866;28;14867;52;14863.5;4352.0
2;16100;PEARLS;9996;2;9995;21;;;10004;2;10005;21;;;10000.0;105.0
2;16100;BANANAS;4811;2;4810;21;;;4817;23;;;;;4814.0;92.5302734375
2;16200;COCONUTS;7929;68;7928;122;;;7931;190;;;;;7930.0;-1720.25
2;16200;BERRIES;3840;15;3839;52;;;3847;15;3848;52;;;3843.5;0.0
2;16200;DIVING_GEAR;99177;23;;;;;99180;23;;;;;99178.5;0.0
2;16200;PINA_COLADAS;14862;26;14861;60;;;14865;86;;;;;14863.5;4000.75
2;16200;PEARLS;9996;1;9995;27;;;10002;10;10004;1;10005;27;9999.0;105.0
2;16200;BANANAS;4811;28;;;;;4813;1;4815;10;4817;28;4812.0;109.5
2;16200;DOLPHIN_SIGHTINGS;;;;;;;;;;;;;3075.0;0.0
2;16300;DOLPHIN_SIGHTINGS;;;;;;;;;;;;;3075.0;0.0
2;16300;PINA_COLADAS;14862;95;;;;;14865;95;;;;;14863.5;4023.5
2;16300;BANANAS;4812;2;4811;25;;;4818;25;;;;;4815.0;102.6171875
2;16300;PEARLS;9998;2;9996;1;9995;24;10000;2;10004;1;10005;24;9999.0;105.0
2;16300;COCONUTS;7928;199;;;;;7931;199;;;;;7929.5;-1625.5
2;16300;BERRIES;3841;13;3840;55;;;3848;68;;;;;3844.5;0.0
2;16300;DIVING_GEAR;99183;23;;;;;99186;23;;;;;99184.5;0.0
2;16400;BANANAS;4811;30;;;;;4818;30;;;;;4814.5;103.0546875
2;16400;DIVING_GEAR;99178;8;99177;11;;;99180;8;99181;11;;;99179.0;0.0
2;16400;PEARLS;9996;1;9995;29;;;10004;1;10005;29;;;10000.0;105.0
2;16400;DOLPHIN_SIGHTINGS;;;;;;;;;;;;;3075.0;0.0
2;16400;COCONUTS;7930;182;;;;;7933;182;;;;;7931.5;-2317.0
2;16400;BERRIES;3841;11;3840;40;;;3848;11;3849;40;;;3844.5;0.0
2;16400;PINA_COLADAS;14866;104;;;;;14869;104;;;;;14867.5;4901.5
2;16500;COCONUTS;7931;184;;;;;7934;184;;;;;7932.5;-2589.0
2;16500;BERRIES;3842;11;3841;60;;;3848;11;3849;60;;;3845.0;0.0
2;16500;DOLPHIN_SIGHTINGS;;;;;;;;;;;;;3075.0;0.0
2;16500;PINA_COLADAS;14867;93;;;;;14870;93;;;;;14868.5;5104.75
2;16500;BANANAS;4811;29;;;;;4818;29;;;;;4814.5;98.34375
2;16500;DIVING_GEAR;99185;20;;;;;99188;20;;;;;99186.5;0.0
2;16500;PEARLS;9995;29;;;;;10005;29;;;;;10000.0;105.0
2;16600;COCONUTS;7931;170;;;;;7934;170;;;;;7932.5;-2732.25
2;16600;BERRIES;3842;13;3841;43;;;3849;13;3850;43;;;3845.5;0.0
2;16600;PINA_COLADAS;14868;28;14867;84;;;14870;84;;;;;14869.0;5189.5
2;16600;BANANAS;4812;21;;;;;4818;1;4819;20;;;4815.0;90.296875
2;16600;DIVING_GEAR;99183;9;99182;13;;;99185;9;99186;13;;;99184.0;0.0
2;16600;PEARLS;9996;1;9995;20;;;10004;1;10005;20;;;10000.0;105.0
2;16600;DOLPHIN_SIGHTINGS;;;;;;;;;;;;;3075.0;0.0
2;16700;PINA_COLADAS;14869;23;14868;59;;;14872;82;;;;;14870.5;5488.75
2;16700;DOLPHIN_SIGHTINGS;;;;;;;;;;;;;3075.0;0.0
2;16700;BANANAS;4812;23;;;;;4818;2;4819;21;;;4815.0;87.3515625
2;16700;DIVING_GEAR;99178;23;;;;;99181;23;;;;;99179.5;0.0
2;16700;PEARLS;9996;2;9995;21;;;10004;2;10005;21;;;10000.0;105.0
2;16700;COCONUTS;7932;173;;;;;7934;46;7935;127;;;7933.0;-2870.0
2;16700;BERRIES;3842;16;3841;52;;;3849;16;3850;52;;;3845.5;0.0
2;16800;BANANAS;4812;23;;;;;4817;6;4818;1;4819;22;4814.5;90.0703125
2;16800;DIVING_GEAR;99176;24;;;;;99179;24;;;;;99177.5;0.0
2;16800;PEARLS;10000;4;9996;1;9995;22;10002;6;10004;1;10005;22;10001.0;105.0
2;16800;COCONUTS;7930;148;;;;;7931;17;7933;190;;;7930.5;-2407.25
2;16800;DOLPHIN_SIGHTINGS;;;;;;;;;;;;;3075.0;0.0
2;16800;BERRIES;3842;17;3841;55;;;3848;17;3849;55;;;3845.0;0.0
2;16800;PINA_COLADAS;14866;32;14865;94;;;14868;94;;;;;14867.0;4696.5
2;16900;BERRIES;3842;19;3841;52;;;3848;19;3849;52;;;3845.0;0.0
2;16900;DOLPHIN_SIGHTINGS;;;;;;;;;;;;;3075.0;0.0
2;16900;PINA_COLADAS;14863;50;;;;;14864;13;14866;27;14867;50;14863.5;4378.75
2;16900;BANANAS;4812;24;;;;;4819;24;;;;;4815.5;85.09375
2;16900;DIVING_GEAR;99168;28;;;;;99171;28;;;;;99169.5;0.0
2;16900;PEARLS;9996;1;9995;23;;;10004;1;10005;23;;;10000.0;105.0
2;16900;COCONUTS;7930;73;7929;111;;;7932;184;;;;;7931.0;-2232.75
2;17000;DOLPHIN_SIGHTINGS;;;;;;;;;;;;;3075.0;0.0
2;17000;PINA_COLADAS;14865;95;;;;;14868;95;;;;;14866.5;4689.75
2;17000;BERRIES;3842;18;3841;47;;;3849;18;3850;47;;;3845.5;0.0
2;17000;BANANAS;4812;32;;;;;4817;3;4819;32;;;4814.5;86.09375
2;17000;DIVING_GEAR;99170;23;;;;;99173;23;;;;;99171.5;0.0
2;17000;PEARLS;9996;2;9995;30;;;10002;3;10004;2;10005;30;9999.0;105.0
2;17000;COCONUTS;7930;177;;;;;7933;177;;;;;7931.5;-2616.25
2;17100;PINA_COLADAS;14863;106;;;;;14866;106;;;;;14864.5;4279.5
2;17100;BANANAS;4812;23;;;;;4819;23;;;;;4815.5;84.3984375
2;17100;DIVING_GEAR;99177;22;;;;;99180;22;;;;;99178.5;0.0
2;17100;PEARLS;9996;2;9995;21;;;10004;2;10005;21;;;10000.0;105.0
2;17100;COCONUTS;7930;212;;;;;7933;212;;;;;7931.5;-2651.0
2;17100;BERRIES;3842;16;3841;40;;;3849;16;3850;40;;;3845.5;0.0
2;17100;DOLPHIN_SIGHTINGS;;;;;;;;;;;;;3075.0;0.0
2;17200;BANANAS;4811;25;;;;;4816;8;4818;25;;;4813.5;99.9609375
2;17200;DIVING_GEAR;99168;7;99167;19;;;99170;7;99171;19;;;99169.0;0.0
2;17200;PEARLS;9996;1;9995;24;;;10000;6;10002;8;10004;1;9998.0;105.0
2;17200;COCONUTS;7931;173;;;;;7933;173;;;;;7932.0;-2772.0
2;17200;DOLPHIN_SIGHTINGS;;;;;;;;;;;;;3075.0;0.0
2;17200;PINA_COLADAS;14864;92;;;;;14867;92;;;;;14865.5;4471.75
2;17200;BERRIES;3842;19;3841;42;;;3849;19;3850;42;;;3845.5;0.0
2;17300;BERRIES;3842;12;3841;58;;;3849;12;3850;58;;;3845.5;0.0
2;17300;DOLPHIN_SIGHTINGS;;;;;;;;;;;;;3075.0;0.0
2;17300;PINA_COLADAS;14866;20;14865;54;;;14868;20;14869;54;;;14867.0;4865.75
2;17300;BANANAS;4811;28;;;;;4818;28;;;;;4814.5;105.65625
2;17300;DIVING_GEAR;99170;18;;;;;99173;18;;;;;99171.5;0.0
2;17300;PEARLS;9995;28;;;;;10005;28;;;;;10000.0;105.0
2;17300;COCONUTS;7931;208;;;;;7934;208;;;;;7932.5;-3022.5
2;17400;DOLPHIN_SIGHTINGS;;;;;;;;;;;;;3075.0;0.0
2;17400;PINA_COLADAS;14864;32;14863;75;;;14866;32;14867;75;;;14865.0;4396.25
2;17400;BERRIES;3841;12;3840;59;;;3848;12;3849;59;;;3844.5;0.0
2;17400;BANANAS;4816;2;4811;22;;;4818;22;;;;;4817.0;104.515625
2;17400;DIVING_GEAR;99173;18;;;;;99176;18;;;;;99174.5;0.0
2;17400;PEARLS;9995;22;;;;;10002;7;10005;22;;;9998.5;105.0
2;17400;COCONUTS;7931;193;;;;;7932;40;7934;193;;;7931.5;-3131.75
2;17500;PINA_COLADAS;14865;95;;;;;14868;95;;;;;14866.5;4681.25
2;17500;BANANAS;4816;1;4811;1;4810;30;4817;31;;;;;4816.5;117.0546875
2;17500;DIVING_GEAR;99177;29;;;;;99180;29;;;;;99178.5;0.0
2;17500;PEARLS;10002;1;9996;1;9995;30;10004;1;10005;30;;;10003.0;105.0
2;17500;COCONUTS;7932;172;;;;;7935;172;;;;;7933.5;-3780.5
2;17500;BERRIES;3842;19;3841;55;;;3849;19;3850;55;;;3845.5;0.0
2;17500;DOLPHIN_SIGHTINGS;;;;;;;;;;;;;3075.0;0.0
2;17600;BANANAS;4811;6;4810;28;;;4817;28;;;;;4814.0;54.0
2;17600;DIVING_GEAR;99181;9;99180;16;;;99183;9;99184;16;;;99182.0;0.0
2;17600;PEARLS;9998;6;9996;2;9995;26;10004;2;10005;26;;;10001.0;109.0
2;17600;COCONUTS;7932;180;;;;;7935;180;;;;;7933.5;-3776.5
2;17600;DOLPHIN_SIGHTINGS;;;;;;;;;;;;;3075.0;0.0
2;17600;PINA_COLADAS;14864;88;;;;;14867;88;;;;;14865.5;4489.25
2;17600;BERRIES;3843;16;3842;51;;;3850;16;3851;51;;;3846.5;0.0
2;17700;BERRIES;3843;13;3842;54;;;3850;13;3851;54;;;3846.5;0.0
2;17700;DOLPHIN_SIGHTINGS;;;;;;;;;;;;;3076.0;0.0
2;17700;BANANAS;4811;23;;;;;4818;23;;;;;4814.5;54.0
2;17700;DIVING_GEAR;99183;18;;;;;99186;18;;;;;99184.5;0.0
2;17700;PEARLS;9995;23;;;;;10005;23;;;;;10000.0;109.0
2;17700;COCONUTS;7931;197;;;;;7933;66;7934;131;;;7932.0;-2993.5
2;17700;PINA_COLADAS;14864;29;14863;73;;;14866;29;14867;73;;;14865.0;4353.75
2;17800;DOLPHIN_SIGHTINGS;;;;;;;;;;;;;3075.0;0.0
2;17800;PINA_COLADAS;14865;84;;;;;14868;84;;;;;14866.5;4810.0
2;17800;BERRIES;3844;20;3843;48;;;3850;20;3851;48;;;3847.0;0.0
2;17800;PEARLS;9995;28;;;;;10005;28;;;;;10000.0;109.0
2;17800;BANANAS;4811;28;;;;;4818;28;;;;;4814.5;54.0
2;17800;DIVING_GEAR;99180;30;;;;;99183;30;;;;;99181.5;0.0
2;17800;COCONUTS;7931;158;;;;;7934;158;;;;;7932.5;-3218.5
2;17900;PEARLS;9996;1;9995;27;;;10004;1;10005;27;;;10000.0;109.0
2;17900;BANANAS;4816;1;4811;28;;;4818;28;;;;;4817.0;54.0
2;17900;COCONUTS;7932;221;;;;;7935;221;;;;;7933.5;-3831.0
2;17900;DIVING_GEAR;99185;15;;;;;99188;15;;;;;99186.5;0.0
2;17900;PINA_COLADAS;14868;108;;;;;14871;108;;;;;14869.5;5502.25
2;17900;BERRIES;3844;10;3843;60;;;3851;10;3852;60;;;3847.5;0.0
2;17900;DOLPHIN_SIGHTINGS;;;;;;;;;;;;;3075.0;0.0
2;18000;PEARLS;9998;4;9996;1;9995;30;10004;1;10005;30;;;10001.0;109.0
2;18000;BANANAS;4811;31;;;;;4812;8;4817;1;4818;30;4811.5;54.0
2;18000;COCONUTS;7933;76;7932;106;;;7935;182;;;;;7934.0;-3976.5
2;18000;DIVING_GEAR;99187;10;99186;17;;;99189;10;99190;17;;;99188.0;0.0
2;18000;DOLPHIN_SIGHTINGS;;;;;;;;;;;;;3075.0;0.0
2;18000;PINA_COLADAS;14871;103;;;;;14874;103;;;;;14872.5;6304.25
2;18000;BERRIES;3844;17;3843;45;;;3851;17;3852;45;;;3847.5;0.0
2;18100;BERRIES;3844;14;3843;54;;;3851;14;3852;54;;;3847.5;0.0
2;18100;DOLPHIN_SIGHTINGS;;;;;;;;;;;;;3076.0;0.0
2;18100;PEARLS;9996;1;9995;27;;;10004;1;10005;27;;;10000.0;109.0
2;18100;BANANAS;4811;28;;;;;4818;28;;;;;4814.5;73.4140625
2;18100;COCONUTS;7932;206;;;;;7935;206;;;;;7933.5;-3610.5
2;18100;DIVING_GEAR;99191;24;;;;;99194;24;;;;;99192.5;0.0
2;18100;PINA_COLADAS;14872;40;14871;63;;;14874;20;14875;63;;;14873.0;6443.5
2;18200;DOLPHIN_SIGHTINGS;;;;;;;;;;;;;3076.0;0.0
2;18200;PINA_COLADAS;14872;30;14871;56;;;14875;86;;;;;14873.5;6477.0
2;18200;BERRIES;3843;12;3842;49;;;3850;12;3851;49;;;3846.5;0.0
2;18200;PEARLS;9998;1;9996;1;9995;26;10004;1;10005;26;;;10001.0;109.0
2;18200;BANANAS;4812;2;4811;26;;;4814;6;4818;27;;;4813.0;75.82421875
2;18200;COCONUTS;7931;191;;;;;7934;191;;;;;7932.5;-3190.0
2;18200;DIVING_GEAR;99193;18;;;;;99195;6;99196;12;;;99194.0;0.0
2;18300;PEARLS;9996;1;9995;22;;;10002;10;10004;1;10005;22;9999.0;109.0
2;18300;BANANAS;4811;23;;;;;4816;9;4818;23;;;4813.5;74.765625
2;18300;COCONUTS;7931;175;;;;;7934;175;;;;;7932.5;-3183.0
2;18300;DIVING_GEAR;99191;24;;;;;99194;24;;;;;99192.5;0.0
2;18300;PINA_COLADAS;14872;73;;;;;14875;73;;;;;14873.5;6580.25
2;18300;BERRIES;3844;14;3843;41;;;3851;14;3852;41;;;3847.5;0.0
2;18300;DOLPHIN_SIGHTINGS;;;;;;;;;;;;;3076.0;0.0
2;18400;PEARLS;9996;1;9995;26;;;10004;1;10005;26;;;10000.0;109.0
2;18400;BANANAS;4812;27;;;;;4818;1;4819;26;;;4815.0;82.26953125
2;18400;COCONUTS;7931;198;;;;;7932;59;7933;64;7934;134;7931.5;-2897.0
2;18400;DIVING_GEAR;99191;9;99190;11;;;99193;9;99194;11;;;99192.0;0.0
2;18400;DOLPHIN_SIGHTINGS;;;;;;;;;;;;;3076.0;0.0
2;18400;PINA_COLADAS;14868;38;14867;71;;;14870;38;14871;71;;;14869.0;5406.25
2;18400;BERRIES;3844;11;3843;53;;;3851;11;3852;53;;;3847.5;0.0
2;18500;BERRIES;3847;5;3844;16;3843;54;3851;16;3852;54;;;3849.0;0.0
2;18500;DOLPHIN_SIGHTINGS;;;;;;;;;;;;;3076.0;0.0
2;18500;BANANAS;4812;1;4811;27;;;4818;28;;;;;4815.0;78.4296875
2;18500;PEARLS;9996;1;9995;27;;;10004;1;10005;27;;;10000.0;109.0
2;18500;COCONUTS;7929;186;;;;;7932;186;;;;;7930.5;-2098.5
2;18500;DIVING_GEAR;99194;24;;;;;99197;24;;;;;99195.5;0.0
2;18500;PINA_COLADAS;14862;100;;;;;14865;100;;;;;14863.5;4029.25
2;18600;DOLPHIN_SIGHTINGS;;;;;;;;;;;;;3076.0;0.0
2;18600;PINA_COLADAS;14865;29;14864;74;;;14867;29;14868;74;;;14866.0;4628.0
2;18600;BERRIES;3843;11;3842;60;;;3850;11;3851;60;;;3846.5;0.0
2;18600;PEARLS;9995;27;;;;;10005;27;;;;;10000.0;109.0
2;18600;COCONUTS;7930;184;;;;;7933;184;;;;;7931.5;-2486.0
2;18600;DIVING_GEAR;99200;21;;;;;99203;21;;;;;99201.5;0.0
2;18600;BANANAS;4811;27;;;;;4818;27;;;;;4814.5;74.05078125
2;18700;BANANAS;4812;23;;;;;4818;23;;;;;4815.0;80.19921875
2;18700;DIVING_GEAR;99188;22;;;;;99191;22;;;;;99189.5;0.0
2;18700;PEARLS;9995;23;;;;;10005;23;;;;;10000.0;109.0
2;18700;COCONUTS;7930;220;;;;;7932;74;7933;146;;;7931.0;-2335.0
2;18700;PINA_COLADAS;14862;92;;;;;14865;92;;;;;14863.5;3950.75
2;18700;BERRIES;3843;13;3842;50;;;3850;13;3851;50;;;3846.5;0.0
2;18700;DOLPHIN_SIGHTINGS;;;;;;;;;;;;;3076.0;0.0
2;18800;DIVING_GEAR;99181;9;99180;15;;;99183;9;99184;15;;;99182.0;0.0
2;18800;PEARLS;9996;2;9995;20;;;10004;2;10005;20;;;10000.0;109.0
2;18800;COCONUTS;7930;199;;;;;7933;199;;;;;7931.5;-2657.0
2;18800;BANANAS;4811;22;;;;;4817;2;4818;20;;;4814.0;74.5078125
2;18800;PINA_COLADAS;14862;86;;;;;14865;86;;;;;14863.5;3921.0
2;18800;DOLPHIN_SIGHTINGS;;;;;;;;;;;;;3076.0;0.0
2;18800;BERRIES;3843;15;3842;59;;;3850;15;3851;59;;;3846.5;0.0
2;18900;BERRIES;3843;16;3842;47;;;3849;16;3850;47;;;3846.0;0.0
2;18900;DOLPHIN_SIGHTINGS;;;;;;;;;;;;;3076.0;0.0
2;18900;BANANAS;4811;28;;;;;4818;28;;;;;4814.5;79.9296875
2;18900;DIVING_GEAR;99171;10;99170;16;;;99173;10;99174;16;;;99172.0;0.0
2;18900;PEARLS;9995;28;;;;;10005;28;;;;;10000.0;109.0
2;18900;COCONUTS;7930;195;;;;;7933;195;;;;;7931.5;-2602.5
2;18900;PINA_COLADAS;14864;20;14863;66;;;14867;86;;;;;14865.5;4420.75
2;19000;PINA_COLADAS;14867;30;14866;21;14865;69;14869;90;;;;;14868.0;4921.0
2;19000;DOLPHIN_SIGHTINGS;;;;;;;;;;;;;3077.0;0.0
2;19000;BERRIES;3842;11;3841;55;;;3849;11;3850;55;;;3845.5;0.0
2;19000;DIVING_GEAR;99167;20;;;;;99170;20;;;;;99168.5;0.0
2;19000;PEARLS;9996;1;9995;21;;;10004;1;10005;21;;;10000.0;109.0
2;19000;COCONUTS;7931;189;;;;;7932;65;7934;189;;;7931.5;-3161.0
2;19000;BANANAS;4813;1;4812;21;;;4819;22;;;;;4816.0;87.578125
2;19100;BANANAS;4813;3;4812;25;;;4818;1;4819;24;;;4815.5;83.37890625
2;19100;DIVING_GEAR;99163;15;;;;;99166;15;;;;;99164.5;0.0
2;19100;PEARLS;9998;3;9996;1;9995;24;10004;1;10005;24;;;10001.0;109.0
2;19100;COCONUTS;7931;202;;;;;7933;69;7934;133;;;7932.0;-2982.5
2;19100;BERRIES;3843;10;3842;57;;;3850;67;;;;;3846.5;0.0
2;19100;PINA_COLADAS;14867;30;14866;59;;;14870;89;;;;;14868.5;5161.5
2;19100;DOLPHIN_SIGHTINGS;;;;;;;;;;;;;3077.0;0.0
2;19200;DIVING_GEAR;99164;24;;;;;99167;24;;;;;99165.5;0.0
2;19200;PEARLS;10002;1;9998;9;9995;21;10005;21;;;;;10003.5;109.0
2;19200;COCONUTS;7930;181;;;;;7933;181;;;;;7931.5;-2619.5
2;19200;BERRIES;3842;14;3841;40;;;3849;14;3850;40;;;3845.5;0.0
2;19200;BANANAS;4813;9;4812;21;;;4819;21;;;;;4816.0;84.75390625
2;19200;DOLPHIN_SIGHTINGS;;;;;;;;;;;;;3077.0;0.0
2;19200;PINA_COLADAS;14865;114;;;;;14866;21;14868;114;;;14865.5;4826.0
2;19300;DOLPHIN_SIGHTINGS;;;;;;;;;;;;;3077.0;0.0
2;19300;BANANAS;4814;10;4813;28;;;4819;28;;;;;4816.5;89.796875
2;19300;DIVING_GEAR;99162;9;99161;13;;;99164;9;99165;13;;;99163.0;0.0
2;19300;PEARLS;9998;10;9996;2;9995;26;10004;2;10005;26;;;10001.0;111.0
2;19300;COCONUTS;7932;68;7931;101;;;7934;169;;;;;7933.0;-3325.5
2;19300;BERRIES;3842;13;3841;54;;;3849;13;3850;54;;;3845.5;0.0
2;19300;PINA_COLADAS;14868;108;;;;;14871;108;;;;;14869.5;5428.75
2;19400;DOLPHIN_SIGHTINGS;;;;;;;;;;;;;3077.0;0.0
2;19400;PINA_COLADAS;14866;30;14865;68;;;14868;30;14869;68;;;14867.0;4878.5
2;19400;DIVING_GEAR;99170;6;99169;12;;;99172;6;99173;12;;;99171.0;0.0
2;19400;PEARLS;9996;2;9995;28;;;10004;2;10005;28;;;10000.0;111.0
2;19400;COCONUTS;7930;196;;;;;7933;196;;;;;7931.5;-2752.0
2;19400;BERRIES;3846;12;3842;54;;;3849;12;3850;42;;;3847.5;0.0
2;19400;BANANAS;4813;2;4812;28;;;4819;30;;;;;4816.0;87.484375
2;19500;BANANAS;4813;2;4812;27;;;4819;29;;;;;4816.0;87.12890625
2;19500;DIVING_GEAR;99166;8;99165;16;;;99168;8;99169;16;;;99167.0;0.0
2;19500;PEARLS;9998;1;9996;2;9995;27;10004;2;10005;27;;;10001.0;111.0
2;19500;COCONUTS;7931;196;;;;;7934;196;;;;;7932.5;-3249.0
2;19500;BERRIES;3843;16;3842;56;;;3849;16;3850;56;;;3846.0;0.0
2;19500;PINA_COLADAS;14866;101;;;;;14869;101;;;;;14867.5;5000.75
2;19500;DOLPHIN_SIGHTINGS;;;;;;;;;;;;;3077.0;0.0
2;19600;DIVING_GEAR;99161;18;;;;;99164;18;;;;;99162.5;0.0
2;19600;PEARLS;9995;23;;;;;10005;23;;;;;10000.0;111.0
2;19600;COCONUTS;7930;195;;;;;7933;195;;;;;7931.5;-2634.5
2;19600;BERRIES;3843;12;3842;46;;;3850;12;3851;46;;;3846.5;0.0
2;19600;BANANAS;4812;23;;;;;4819;23;;;;;4815.5;88.84765625
2;19600;DOLPHIN_SIGHTINGS;;;;;;;;;;;;;3077.0;0.0
2;19600;PINA_COLADAS;14863;88;;;;;14866;88;;;;;14864.5;4258.0
2;19700;DOLPHIN_SIGHTINGS;;;;;;;;;;;;;3076.0;0.0
2;19700;BANANAS;4812;30;;;;;4819;30;;;;;4815.5;88.01953125
2;19700;DIVING_GEAR;99156;20;;;;;99159;20;;;;;99157.5;0.0
2;19700;PEARLS;10000;5;9995;30;;;10005;30;;;;;10002.5;111.0
2;19700;COCONUTS;7931;47;7930;197;;;7932;64;7933;133;;;7931.5;-2395.5
2;19700;BERRIES;3843;11;3842;51;;;3850;11;3851;51;;;3846.5;0.0
2;19700;PINA_COLADAS;14863;95;;;;;14866;95;;;;;14864.5;4371.25
2;19800;DOLPHIN_SIGHTINGS;;;;;;;;;;;;;3076.0;0.0
2;19800;PINA_COLADAS;14861;81;;;;;14864;81;;;;;14862.5;3798.25
2;19800;DIVING_GEAR;99154;23;;;;;99157;23;;;;;99155.5;0.0
2;19800;PEARLS;9996;1;9995;24;;;10004;1;10005;24;;;10000.0;111.0
2;19800;COCONUTS;7929;187;;;;;7932;187;;;;;7930.5;-2151.0
2;19800;BERRIES;3843;13;3842;47;;;3850;13;3851;47;;;3846.5;0.0
2;19800;BANANAS;4813;1;4812;24;;;4819;25;;;;;4816.0;87.453125
2;19900;BANANAS;4812;22;;;;;4818;22;;;;;4815.0;81.63671875
2;19900;DIVING_GEAR;99155;5;99154;13;;;99157;5;99158;13;;;99156.0;0.0
2;19900;PEARLS;9996;1;9995;21;;;10004;1;10005;21;;;10000.0;111.0
2;19900;COCONUTS;7930;57;7929;137;;;7932;194;;;;;7931.0;-2301.0
2;19900;BERRIES;3843;13;3842;60;;;3850;13;3851;60;;;3846.5;0.0
2;19900;PINA_COLADAS;14863;27;14862;52;;;14865;27;14866;52;;;14864.0;4182.5
2;19900;DOLPHIN_SIGHTINGS;;;;;;;;;;;;;3076.0;0.0
2;20000;DIVING_GEAR;99152;5;99151;15;;;99154;5;99155;15;;;99153.0;0.0
2;20000;COCONUTS;7929;191;;;;;7932;191;;;;;7930.5;-2208.0
2;20000;BERRIES;3843;15;3842;44;;;3849;15;3850;44;;;3846.0;0.0
2;20000;PEARLS;9996;2;9995;29;;;10004;2;10005;29;;;10000.0;111.0
2;20000;BANANAS;4812;31;;;;;4818;2;4819;29;;;4815.0;83.515625
2;20000;DOLPHIN_SIGHTINGS;;;;;;;;;;;;;3076.0;0.0
2;20000;PINA_COLADAS;14860;103;;;;;14863;103;;;;;14861.5;3653.25
2;20100;DOLPHIN_SIGHTINGS;;;;;;;;;;;;;3076.0;0.0
2;20100;PEARLS;10000;6;9996;2;9995;30;10002;6;10004;2;10005;30;10001.0;111.0
2;20100;BANANAS;4812;2;4811;30;;;4816;6;4818;32;;;4814.0;79.0078125
2;20100;COCONUTS;7929;144;;;;;7932;144;;;;;7930.5;-2196.5
2;20100;DIVING_GEAR;99146;9;99145;11;;;99148;9;99149;11;;;99147.0;0.0
2;20100;BERRIES;3843;11;3842;54;;;3850;11;3851;54;;;3846.5;0.0
2;20100;PINA_COLADAS;14860;95;;;;;14863;95;;;;;14861.5;3701.25
2;20200;DOLPHIN_SIGHTINGS;;;;;;;;;;;;;3076.0;0.0
2;20200;PINA_COLADAS;14862;39;14861;74;;;14863;34;14865;113;;;14862.5;4017.75
2;20200;COCONUTS;7930;178;;;;;7933;178;;;;;7931.5;-2523.0
2;20200;DIVING_GEAR;99138;6;99137;12;;;99140;6;99141;12;;;99139.0;0.0
2;20200;BERRIES;3842;12;3841;60;;;3849;12;3850;60;;;3845.5;0.0
2;20200;PEARLS;9995;27;;;;;9998;1;10005;27;;;9996.5;111.0
2;20200;BANANAS;4811;27;;;;;4818;27;;;;;4814.5;79.7734375
2;20300;PEARLS;9995;29;;;;;10002;6;10005;29;;;9998.5;113.0
2;20300;BANANAS;4812;29;;;;;4817;6;4819;29;;;4814.5;86.01953125
2;20300;COCONUTS;7930;204;;;;;7933;204;;;;;7931.5;-2706.5
2;20300;BERRIES;3843;12;3842;51;;;3850;12;3851;51;;;3846.5;0.0
2;20300;DIVING_GEAR;99138;22;;;;;99141;22;;;;;99139.5;0.0
2;20300;PINA_COLADAS;14863;90;;;;;14866;90;;;;;14864.5;4264.5
2;20300;DOLPHIN_SIGHTINGS;;;;;;;;;;;;;3076.0;0.0
2;20400;COCONUTS;7930;201;;;;;7933;201;;;;;7931.5;-2624.0
2;20400;BERRIES;3843;11;3842;56;;;3850;11;3851;56;;;3846.5;0.0
2;20400;DIVING_GEAR;99135;7;99134;11;;;99137;7;99138;11;;;99136.0;0.0
2;20400;PEARLS;9996;2;9995;30;;;10004;2;10005;30;;;10000.0;113.0
2;20400;BANANAS;4813;32;;;;;4819;32;;;;;4816.0;89.49609375
2;20400;DOLPHIN_SIGHTINGS;;;;;;;;;;;;;3077.0;0.0
2;20400;PINA_COLADAS;14863;78;;;;;14866;78;;;;;14864.5;4353.75
2;20500;DOLPHIN_SIGHTINGS;;;;;;;;;;;;;3076.0;0.0
2;20500;PEARLS;10002;1;9996;1;9995;23;10004;1;10005;23;;;10003.0;113.0
2;20500;BANANAS;4818;1;4813;24;;;4819;1;4820;23;;;4818.5;91.19140625
2;20500;COCONUTS;7930;187;;;;;7932;57;7933;130;;;7931.0;-2357.0
2;20500;BERRIES;3844;16;3843;54;;;3850;16;3851;54;;;3847.0;0.0
2;20500;DIVING_GEAR;99129;9;99128;16;;;99131;9;99132;16;;;99130.0;0.0
2;20500;PINA_COLADAS;14863;20;14862;71;;;14865;20;14866;71;;;14864.0;4210.5
2;20600;DOLPHIN_SIGHTINGS;;;;;;;;;;;;;3077.0;0.0
2;20600;PINA_COLADAS;14863;92;;;;;14866;92;;;;;14864.5;4313.5
2;20600;COCONUTS;7930;174;;;;;7932;43;7933;131;;;7931.0;-2362.0
2;20600;BERRIES;3843;20;3842;40;;;3850;20;3851;40;;;3846.5;0.0
2;20600;DIVING_GEAR;99127;8;99126;20;;;99129;8;99130;20;;;99128.0;0.0
2;20600;PEARLS;10002;1;9995;27;;;10005;27;;;;;10003.5;115.0
2;20600;BANANAS;4813;27;;;;;4814;1;4820;27;;;4813.5;95.39453125
2;20700;BANANAS;4813;20;;;;;4820;20;;;;;4816.5;98.88671875
2;20700;PEARLS;9995;20;;;;;10005;20;;;;;10000.0;117.0
2;20700;COCONUTS;7930;180;;;;;7933;180;;;;;7931.5;-2559.5
2;20700;BERRIES;3842;12;3841;58;;;3849;12;3850;58;;;3845.5;0.0
2;20700;DIVING_GEAR;99129;10;99128;12;;;99131;10;99132;12;;;99130.0;0.0
2;20700;PINA_COLADAS;14861;89;;;;;14864;89;;;;;14862.5;3887.75
2;20700;DOLPHIN_SIGHTINGS;;;;;;;;;;;;;3077.0;0.0
2;20800;COCONUTS;7930;177;;;;;7933;177;;;;;7931.5;-2478.0
2;20800;BERRIES;3843;19;3842;40;;;3849;19;3850;40;;;3846.0;0.0
2;20800;DIVING_GEAR;99140;27;;;;;99143;27;;;;;99141.5;0.0
2;20800;BANANAS;4813;23;;;;;4820;23;;;;;4816.5;97.796875
2;20800;PEARLS;9996;1;9995;22;;;10004;1;10005;22;;;10000.0;117.0
2;20800;DOLPHIN_SIGHTINGS;;;;;;;;;;;;;3077.0;0.0
2;20800;PINA_COLADAS;14861;109;;;;;14864;109;;;;;14862.5;3860.5
2;20900;DOLPHIN_SIGHTINGS;;;;;;;;;;;;;3077.0;0.0
2;20900;BANANAS;4814;10;4813;28;;;4820;29;;;;;4817.0;101.1953125
2;20900;DIVING_GEAR;99150;6;99149;14;;;99152;6;99153;14;;;99151.0;0.0
2;20900;PEARLS;9998;9;9996;1;9995;28;10004;1;10005;28;;;10001.0;117.0
2;20900;COCONUTS;7930;182;;;;;7933;182;;;;;7931.5;-2797.0
2;20900;BERRIES;3842;14;3841;60;;;3849;14;3850;60;;;3845.5;0.0
2;20900;PINA_COLADAS;14861;85;;;;;14862;37;14864;85;;;14861.5;3828.25
2;21000;PINA_COLADAS;14862;93;;;;;14865;93;;;;;14863.5;4165.0
2;21000;DOLPHIN_SIGHTINGS;;;;;;;;;;;;;3077.0;0.0
2;21000;COCONUTS;7931;198;;;;;7934;198;;;;;7932.5;-3222.5
2;21000;BERRIES;3843;11;3842;47;;;3849;11;3850;47;;;3846.0;0.0
2;21000;BANANAS;4814;31;;;;;4819;6;4820;2;4821;29;4816.5;104.53125
2;21000;DIVING_GEAR;99144;17;;;;;99147;17;;;;;99145.5;0.0
2;21000;PEARLS;9996;2;9995;29;;;10002;6;10004;2;10005;29;9999.0;117.0
2;21100;BANANAS;4815;9;4814;28;;;4820;28;;;;;4817.5;103.96875
2;21100;DIVING_GEAR;99141;28;;;;;99144;28;;;;;99142.5;0.0
2;21100;PEARLS;9998;8;9996;2;9995;26;10004;2;10005;26;;;10001.0;117.0
2;21100;COCONUTS;7930;197;;;;;7933;197;;;;;7931.5;-2671.0
2;21100;BERRIES;3842;20;3841;59;;;3849;20;3850;59;;;3845.5;0.0
2;21100;PINA_COLADAS;14863;109;;;;;14866;109;;;;;14864.5;4384.5
2;21100;DOLPHIN_SIGHTINGS;;;;;;;;;;;;;3077.0;0.0
2;21200;BERRIES;3842;70;;;;;3849;13;3850;57;;;3845.5;0.0
2;21200;BANANAS;4818;11;4814;31;;;4820;31;;;;;4819.0;103.2421875
2;21200;DIVING_GEAR;99129;23;;;;;99132;23;;;;;99130.5;0.0
2;21200;PEARLS;9996;1;9995;30;;;9998;1;10004;1;10005;30;9997.0;117.0
2;21200;COCONUTS;7929;204;;;;;7932;204;;;;;7930.5;-2173.0
2;21200;PINA_COLADAS;14862;20;14861;87;;;14864;87;;;;;14863.0;3928.5
2;21200;DOLPHIN_SIGHTINGS;;;;;;;;;;;;;3077.0;0.0
2;21300;DOLPHIN_SIGHTINGS;;;;;;;;;;;;;3077.0;0.0
2;21300;BANANAS;4814;26;;;;;4819;1;4821;26;;;4816.5;113.1455078125
2;21300;DIVING_GEAR;99118;7;99117;11;;;99120;18;;;;;99119.0;0.0
2;21300;PEARLS;9996;2;9995;24;;;10002;1;10004;2;10005;24;9999.0;119.0
2;21300;COCONUTS;7931;71;7930;150;;;7933;221;;;;;7932.0;-2916.0
2;21300;BERRIES;3844;11;3843;43;;;3850;11;3851;43;;;3847.0;0.0
2;21300;PINA_COLADAS;14862;103;;;;;14865;103;;;;;14863.5;4091.0
2;21400;PINA_COLADAS;14861;29;14860;50;;;14864;79;;;;;14862.5;3765.25
2;21400;DOLPHIN_SIGHTINGS;;;;;;;;;;;;;3077.0;0.0
2;21400;BERRIES;3844;17;3843;49;;;3846;2;3851;17;3852;49;3845.0;0.0
2;21400;BANANAS;4819;11;4815;8;4814;21;4821;21;;;;;4820.0;112.8759765625
2;21400;DIVING_GEAR;99106;25;;;;;99109;25;;;;;99107.5;0.0
2;21400;PEARLS;9998;7;9995;21;;;10005;21;;;;;10001.5;119.0
2;21400;COCONUTS;7930;193;;;;;7932;76;7933;117;;;7931.0;-2446.5
2;21500;BANANAS;4817;3;4815;27;;;4821;27;;;;;4819.0;123.66796875
2;21500;DIVING_GEAR;99111;26;;;;;99114;26;;;;;99112.5;0.0
2;21500;PEARLS;9996;1;9995;26;;;10004;1;10005;26;;;10000.0;119.0
2;21500;COCONUTS;7929;169;;;;;7932;169;;;;;7930.5;-1897.0
2;21500;PINA_COLADAS;14860;84;;;;;14863;84;;;;;14861.5;3571.25
2;21500;BERRIES;3843;17;3842;47;;;3850;17;3851;47;;;3846.5;0.0
2;21500;DOLPHIN_SIGHTINGS;;;;;;;;;;;;;3077.0;0.0
2;21600;BERRIES;3844;14;3843;46;;;3851;14;3852;46;;;3847.5;0.0
2;21600;BANANAS;4815;29;;;;;4821;29;;;;;4818.0;124.125
2;21600;DIVING_GEAR;99110;20;;;;;99113;20;;;;;99111.5;0.0
2;21600;PEARLS;9995;29;;;;;10005;29;;;;;10000.0;119.0
2;21600;COCONUTS;7929;179;;;;;7932;179;;;;;7930.5;-2097.0
2;21600;PINA_COLADAS;14861;93;;;;;14864;93;;;;;14862.5;3891.25
2;21600;DOLPHIN_SIGHTINGS;;;;;;;;;;;;;3077.0;0.0
2;21700;DOLPHIN_SIGHTINGS;;;;;;;;;;;;;3077.0;0.0
2;21700;BANANAS;4816;2;4815;23;;;4820;1;4822;25;;;4818.0;112.640625
2;21700;DIVING_GEAR;99101;18;;;;;99104;18;;;;;99102.5;0.0
2;21700;PEARLS;9996;2;9995;23;;;10002;1;10004;2;10005;23;9999.0;119.0
2;21700;COCONUTS;7932;13;7930;143;;;7933;143;;;;;7932.5;-2665.0
2;21700;PINA_COLADAS;14864;85;;;;;14867;85;;;;;14865.5;4648.5
2;21700;BERRIES;3844;13;3843;41;;;3851;13;3852;41;;;3847.5;0.0
2;21800;PINA_COLADAS;14867;34;14866;69;;;14869;34;14870;69;;;14868.0;5269.5
2;21800;DOLPHIN_SIGHTINGS;;;;;;;;;;;;;3077.0;0.0
2;21800;BERRIES;3843;13;3842;59;;;3850;13;3851;59;;;3846.5;0.0
2;21800;BANANAS;4816;2;4815;20;;;4822;22;;;;;4819.0;113.98046875
2;21800;DIVING_GEAR;99097;10;99096;13;;;99099;10;99100;13;;;99098.0;0.0
2;21800;PEARLS;9996;2;9995;20;;;10004;2;10005;20;;;10000.0;119.0
2;21800;COCONUTS;7932;202;;;;;7933;73;7934;202;;;7932.5;-3520.5
2;21900;BANANAS;4817;4;4816;30;;;4822;2;4823;28;;;4819.5;108.19140625
2;21900;DIVING_GEAR;99094;10;99093;17;;;99096;10;99097;17;;;99095.0;0.0
2;21900;PEARLS;9998;4;9996;2;9995;28;10004;2;10005;28;;;10001.0;119.0
2;21900;COCONUTS;7933;41;7932;120;;;7935;161;;;;;7934.0;-4067.5
2;21900;PINA_COLADAS;14869;85;;;;;14872;85;;;;;14870.5;5942.5
2;21900;BERRIES;3843;17;3842;58;;;3850;17;3851;58;;;3846.5;0.0
2;21900;DOLPHIN_SIGHTINGS;;;;;;;;;;;;;3077.0;0.0
2;22000;BERRIES;3843;60;;;;;3850;10;3851;50;;;3846.5;0.0
2;22000;BANANAS;4816;25;;;;;4822;25;;;;;4819.0;110.171875
2;22000;DIVING_GEAR;99089;19;;;;;99092;19;;;;;99090.5;0.0
2;22000;PEARLS;9996;1;9995;24;;;10004;1;10005;24;;;10000.0;119.0
2;22000;COCONUTS;7933;45;7932;142;;;7935;187;;;;;7934.0;-4070.5
2;22000;PINA_COLADAS;14870;25;14869;50;;;14873;75;;;;;14871.5;6043.0
2;22000;DOLPHIN_SIGHTINGS;;;;;;;;;;;;;3077.0;0.0
2;22100;DOLPHIN_SIGHTINGS;;;;;;;;;;;;;3077.0;0.0
2;22100;BANANAS;4817;8;4816;27;;;4822;1;4823;26;;;4819.5;105.91796875
2;22100;DIVING_GEAR;99098;10;99097;11;;;99100;10;99101;11;;;99099.0;0.0
2;22100;PEARLS;9998;1;9996;1;9995;26;10004;1;10005;26;;;10001.0;119.0
2;22100;COCONUTS;7932;62;7931;142;;;7934;204;;;;;7933.0;-3502.5
2;22100;PINA_COLADAS;14868;76;;;;;14871;76;;;;;14869.5;5616.75
2;22100;BERRIES;3842;11;3841;47;;;3849;11;3850;47;;;3845.5;0.0
2;22200;DOLPHIN_SIGHTINGS;;;;;;;;;;;;;3077.0;0.0
2;22200;BERRIES;3841;18;3840;40;;;3848;18;3849;40;;;3844.5;0.0
2;22200;PEARLS;10002;5;9996;1;9995;21;10004;1;10005;21;;;10003.0;119.0
2;22200;BANANAS;4816;22;;;;;4822;1;4823;21;;;4819.0;108.26171875
2;22200;DIVING_GEAR;99086;7;99085;18;;;99088;4;99089;18;;;99087.0;0.0
2;22200;COCONUTS;7931;185;;;;;7933;40;7934;145;;;7932.0;-2944.5
2;22200;PINA_COLADAS;14867;28;14866;98;;;14869;98;;;;;14868.0;5132.5
2;22300;PEARLS;9996;1;9995;28;;;10004;1;10005;28;;;10000.0;129.0
2;22300;BANANAS;4816;29;;;;;4823;29;;;;;4819.5;102.6640625
2;22300;COCONUTS;7931;183;;;;;7934;183;;;;;7932.5;-3222.5
2;22300;DIVING_GEAR;99083;7;99082;10;;;99085;7;99086;10;;;99084.0;0.0
2;22300;BERRIES;3842;10;3841;50;;;3849;10;3850;50;;;3845.5;0.0
2;22300;DOLPHIN_SIGHTINGS;;;;;;;;;;;;;3077.0;0.0
2;22300;PINA_COLADAS;14869;32;14868;105;;;14871;105;;;;;14870.0;5660.75
2;22400;BERRIES;3842;12;3841;51;;;3849;63;;;;;3845.5;0.0
2;22400;PEARLS;10002;4;9996;1;9995;25;10004;1;10005;25;;;10003.0;129.0
2;22400;BANANAS;4816;26;;;;;4823;26;;;;;4819.5;103.59375
2;22400;COCONUTS;7933;177;;;;;7936;177;;;;;7934.5;-4242.5
2;22400;DIVING_GEAR;99084;19;;;;;99087;19;;;;;99085.5;0.0
2;22400;PINA_COLADAS;14873;89;;;;;14876;20;14877;69;;;14874.5;6979.0
2;22400;DOLPHIN_SIGHTINGS;;;;;;;;;;;;;3077.0;0.0
2;22500;DOLPHIN_SIGHTINGS;;;;;;;;;;;;;3077.0;0.0
2;22500;PINA_COLADAS;14873;34;14872;52;;;14875;34;14876;52;;;14874.0;6768.0
2;22500;PEARLS;9995;27;;;;;10005;27;;;;;10000.0;137.0
2;22500;BANANAS;4815;27;;;;;4822;27;;;;;4818.5;115.5546875
2;22500;COCONUTS;7932;194;;;;;7935;194;;;;;7933.5;-3859.0
2;22500;DIVING_GEAR;99087;7;99086;12;;;99089;7;99090;12;;;99088.0;0.0
2;22500;BERRIES;3842;12;3841;50;;;3849;12;3850;50;;;3845.5;0.0
2;22600;DOLPHIN_SIGHTINGS;;;;;;;;;;;;;3077.0;0.0
2;22600;BERRIES;3843;15;3842;40;;;3849;15;3850;40;;;3846.0;0.0
2;22600;PEARLS;10002;5;9995;28;;;10005;28;;;;;10003.5;137.0
2;22600;BANANAS;4815;28;;;;;4817;2;4822;28;;;4816.0;113.9921875
2;22600;COCONUTS;7932;184;;;;;7933;47;7935;184;;;7932.5;-3744.0
2;22600;DIVING_GEAR;99073;22;;;;;99076;22;;;;;99074.5;0.0
2;22600;PINA_COLADAS;14873;111;;;;;14876;111;;;;;14874.5;6824.5
2;22700;PEARLS;9996;2;9995;28;;;10004;2;10005;28;;;10000.0;153.0
2;22700;BANANAS;4821;1;4816;2;4815;28;4822;30;;;;;4821.5;117.15625
2;22700;COCONUTS;7933;168;;;;;7936;168;;;;;7934.5;-4286.0
2;22700;DIVING_GEAR;99074;22;;;;;99077;22;;;;;99075.5;0.0
2;22700;BERRIES;3843;13;3842;43;;;3845;12;3849;13;3850;43;3844.0;0.0
2;22700;DOLPHIN_SIGHTINGS;;;;;;;;;;;;;3077.0;0.0
2;22700;PINA_COLADAS;14875;28;14874;63;;;14878;91;;;;;14876.5;7303.5
2;22800;BERRIES;3842;13;3841;42;;;3849;13;3850;42;;;3845.5;0.0
2;22800;PEARLS;9995;22;;;;;10005;22;;;;;10000.0;153.0
2;22800;BANANAS;4815;22;;;;;4822;22;;;;;4818.5;118.953125
2;22800;COCONUTS;7932;51;7931;102;;;7934;153;;;;;7933.0;-3408.0
2;22800;DIVING_GEAR;99066;23;;;;;99069;23;;;;;99067.5;0.0
2;22800;PINA_COLADAS;14874;100;;;;;14877;100;;;;;14875.5;7108.75
2;22800;DOLPHIN_SIGHTINGS;;;;;;;;;;;;;3077.0;0.0
2;22900;DOLPHIN_SIGHTINGS;;;;;;;;;;;;;3076.0;0.0
2;22900;PINA_COLADAS;14876;85;;;;;14879;85;;;;;14877.5;7680.75
2;22900;BANANAS;4816;1;4815;24;;;4817;4;4822;25;;;4816.5;117.9609375
2;22900;PEARLS;9996;1;9995;24;;;10004;1;10005;24;;;10000.0;153.0
2;22900;COCONUTS;7932;202;;;;;7934;202;;;;;7933.0;-3512.5
2;22900;DIVING_GEAR;99063;8;99062;14;;;99065;8;99066;14;;;99064.0;0.0
2;22900;BERRIES;3843;14;3842;58;;;3845;7;3850;72;;;3844.0;0.0
2;23000;BANANAS;4816;1;4815;27;;;4820;5;4822;28;;;4818.0;125.13671875
2;23000;DOLPHIN_SIGHTINGS;;;;;;;;;;;;;3076.0;0.0
