day;timestamp;product;bid_price_1;bid_volume_1;bid_price_2;bid_volume_2;bid_price_3;bid_volume_3;ask_price_1;ask_volume_1;ask_price_2;ask_volume_2;ask_price_3;ask_volume_3;mid_price;profit_and_loss
1;0;PINA_COLADAS;15013;36;15012;52;;;15016;88;;;;;15014.5;0.0
1;0;BANANAS;4871;3;4870;22;;;4877;22;;;;;4874.0;0.0
1;0;COCONUTS;8003;214;;;;;8006;214;;;;;8004.5;0.0
1;0;PEARLS;9998;3;9996;1;9995;21;10004;1;10005;21;;;10001.0;0.0
1;100;BANANAS;4870;26;;;;;4877;26;;;;;4873.5;0.0
1;100;COCONUTS;8003;44;8002;106;;;8005;150;;;;;8004.0;0.0
1;100;PINA_COLADAS;15011;40;15010;58;;;15013;40;15014;58;;;15012.0;0.0
1;100;PEARLS;9995;26;;;;;9998;1;10005;26;;;9996.5;0.0
1;200;BANANAS;4875;1;4870;32;;;4876;32;;;;;4875.5;0.0
1;200;PEARLS;9996;2;9995;30;;;9998;1;10004;2;10005;30;9997.0;2.0
1;200;COCONUTS;8003;191;;;;;8005;55;8006;136;;;8004.0;-50.5
1;200;PINA_COLADAS;15015;23;15014;51;;;15018;74;;;;;15016.5;126.0
1;300;BANANAS;4868;28;;;;;4869;1;4875;28;;;4868.5;3.53173828125
1;300;PINA_COLADAS;15014;90;;;;;15017;90;;;;;15015.5;100.1875
1;300;PEARLS;9996;1;9995;27;;;9998;1;10004;1;10005;27;9997.0;4.0
1;300;COCONUTS;8004;61;8003;107;;;8006;168;;;;;8005.0;-90.1875
1;400;PINA_COLADAS;15012;94;;;;;15015;94;;;;;15013.5;25.0625
1;400;BANANAS;4869;25;;;;;4870;5;4875;25;;;4869.5;6.0
1;400;PEARLS;9995;25;;;;;10005;25;;;;;10000.0;6.0
1;400;COCONUTS;8002;181;;;;;8005;181;;;;;8003.5;-103.0234375
1;500;BANANAS;4869;22;;;;;4876;22;;;;;4872.5;16.595703125
1;500;PINA_COLADAS;15008;107;;;;;15011;37;15012;70;;;15009.5;-126.875
1;500;PEARLS;9995;22;;;;;10005;22;;;;;10000.0;6.0
1;500;COCONUTS;8001;196;;;;;8002;57;8004;196;;;8001.5;-117.1328125
1;600;BANANAS;4868;25;;;;;4875;25;;;;;4871.5;20.9306640625
1;600;PEARLS;9995;25;;;;;10005;25;;;;;10000.0;6.0
1;600;COCONUTS;8000;199;;;;;8002;57;8003;142;;;8001.0;-130.9921875
1;600;PINA_COLADAS;15006;90;;;;;15009;90;;;;;15007.5;-215.8125
1;700;BANANAS;4868;23;;;;;4875;23;;;;;4871.5;20.5966796875
1;700;PINA_COLADAS;15007;106;;;;;15010;106;;;;;15008.5;-187.5
1;700;PEARLS;9995;23;;;;;9998;9;10005;23;;;9996.5;6.0
1;700;COCONUTS;8000;45;7999;116;;;8002;161;;;;;8001.0;-323.125
1;800;PINA_COLADAS;15009;31;15008;53;;;15011;31;15012;53;;;15010.0;-116.75
1;800;PEARLS;9996;1;9995;27;;;10004;1;10005;27;;;10000.0;24.0
1;800;COCONUTS;7999;191;;;;;8000;50;8002;191;;;7999.5;-259.25
1;800;BANANAS;4873;3;4869;1;4868;27;4875;28;;;;;4874.0;21.7158203125
1;900;BANANAS;4871;1;4868;21;;;4875;21;;;;;4873.0;21.09375
1;900;PINA_COLADAS;15005;85;;;;;15008;25;15009;60;;;15006.5;-179.640625
1;900;PEARLS;9995;21;;;;;10005;21;;;;;10000.0;24.0
1;900;COCONUTS;7999;45;7998;130;;;8001;175;;;;;8000.0;-140.75
1;1000;PEARLS;10002;2;9996;2;9995;28;10004;2;10005;28;;;10003.0;24.0
1;1000;COCONUTS;7999;201;;;;;8002;201;;;;;8000.5;-226.625
1;1000;BANANAS;4868;30;;;;;4875;30;;;;;4871.5;20.33203125
1;1000;PINA_COLADAS;15007;38;15006;51;;;15008;38;15009;38;15010;51;15007.5;-168.953125
1;1100;BANANAS;4868;30;;;;;4875;30;;;;;4871.5;20.517578125
1;1100;PEARLS;9996;2;9995;28;;;10004;2;10005;28;;;10000.0;28.0
1;1100;COCONUTS;7999;162;;;;;8002;162;;;;;8000.5;-245.25
1;1100;PINA_COLADAS;15004;38;15003;73;;;15006;38;15007;73;;;15005.0;-178.0
1;1200;PINA_COLADAS;15003;92;;;;;15006;92;;;;;15004.5;-228.4375
1;1200;PEARLS;9996;1;9995;28;;;10004;1;10005;28;;;10000.0;28.0
1;1200;COCONUTS;8000;186;;;;;8003;186;;;;;8001.5;-311.375
1;1200;BANANAS;4868;28;;;;;4874;1;4875;28;;;4871.0;19.66796875
1;1300;BANANAS;4867;23;;;;;4872;7;4874;23;;;4869.5;18.6806640625
1;1300;COCONUTS;7998;186;;;;;8001;186;;;;;7999.5;-56.25
1;1300;PEARLS;9995;23;;;;;9998;1;10002;7;10005;23;9996.5;28.0
1;1300;PINA_COLADAS;14998;109;;;;;15001;109;;;;;14999.5;-432.3125
1;1400;COCONUTS;7997;182;;;;;8000;182;;;;;7998.5;69.875
1;1400;PEARLS;9996;2;9995;24;;;10002;4;10004;2;10005;24;9999.0;30.0
1;1400;BANANAS;4869;2;4868;24;;;4873;4;4875;26;;;4871.0;21.6572265625
1;1400;PINA_COLADAS;14997;32;14996;59;;;14999;32;15000;59;;;14998.0;-478.875
1;1500;BANANAS;4869;30;;;;;4873;7;4875;31;;;4871.0;21.8798828125
1;1500;COCONUTS;7997;184;;;;;7999;73;8000;111;;;7998.0;116.75
1;1500;PEARLS;9996;2;9995;29;;;10002;7;10004;2;10005;29;9999.0;30.0
1;1500;PINA_COLADAS;14997;98;;;;;15000;98;;;;;14998.5;-482.5
1;1600;PINA_COLADAS;15000;66;14999;53;;;15002;29;15003;53;;;15001.0;-310.5
1;1600;COCONUTS;7997;171;;;;;8000;171;;;;;7998.5;38.25
1;1600;PEARLS;9996;1;9995;23;;;10004;1;10005;23;;;10000.0;30.0
1;1600;BANANAS;4869;1;4868;23;;;4875;24;;;;;4872.0;21.3125
1;1700;BANANAS;4868;24;;;;;4875;24;;;;;4871.5;20.4140625
1;1700;COCONUTS;7999;46;7998;163;;;8000;42;8001;121;;;7999.5;-6.875
1;1700;PEARLS;9995;24;;;;;10005;24;;;;;10000.0;30.0
1;1700;PINA_COLADAS;14999;40;14998;70;;;15001;40;15002;70;;;15000.0;-373.72265625
1;1800;COCONUTS;7997;163;;;;;8000;163;;;;;7998.5;102.375
1;1800;PEARLS;9996;2;9995;28;;;10004;2;10005;28;;;10000.0;30.0
1;1800;BANANAS;4868;30;;;;;4874;30;;;;;4871.0;19.0703125
1;1800;PINA_COLADAS;14997;95;;;;;15000;95;;;;;14998.5;-378.0
1;1900;BANANAS;4869;8;4868;26;;;4874;26;;;;;4871.5;19.0625
1;1900;COCONUTS;7997;41;7996;218;;;7999;218;;;;;7998.0;198.75
1;1900;PEARLS;9998;8;9996;2;9995;24;10004;2;10005;24;;;10001.0;30.0
1;1900;PINA_COLADAS;14998;37;14997;62;;;15000;37;15001;62;;;14999.0;-378.0
1;2000;PINA_COLADAS;14999;29;14998;90;;;15001;90;;;;;15000.0;-378.0
1;2000;COCONUTS;7997;177;;;;;7999;42;8000;135;;;7998.0;127.375
1;2000;PEARLS;9995;22;;;;;10005;22;;;;;10000.0;30.0
1;2000;BANANAS;4868;22;;;;;4875;22;;;;;4871.5;20.888671875
1;2100;BANANAS;4871;6;4868;25;;;4875;25;;;;;4873.0;20.771484375
1;2100;COCONUTS;7998;51;7997;102;;;8000;153;;;;;7999.0;8.25
1;2100;PEARLS;9995;25;;;;;10005;25;;;;;10000.0;30.0
1;2100;PINA_COLADAS;14999;89;;;;;15002;89;;;;;15000.5;-415.96875
1;2200;COCONUTS;7999;46;7998;107;;;8001;153;;;;;8000.0;-91.5
1;2200;PEARLS;9996;2;9995;29;;;10004;2;10005;29;;;10000.0;30.0
1;2200;BANANAS;4868;31;;;;;4875;31;;;;;4871.5;20.955078125
1;2200;PINA_COLADAS;14999;83;;;;;15002;83;;;;;15000.5;-420.28125
1;2300;PEARLS;9996;1;9995;20;;;10004;1;10005;20;;;10000.0;30.0
1;2300;BANANAS;4868;21;;;;;4869;2;4874;1;4875;20;4868.5;19.72265625
1;2300;COCONUTS;7998;164;;;;;8001;164;;;;;7999.5;-111.75
1;2300;PINA_COLADAS;15001;25;15000;75;;;15003;25;15004;75;;;15002.0;-463.78125
1;2400;PINA_COLADAS;15002;96;;;;;15005;96;;;;;15003.5;-500.0
1;2400;COCONUTS;7999;178;;;;;8001;45;8002;133;;;8000.0;-173.75
1;2400;PEARLS;10002;1;9996;1;9995;25;10004;1;10005;25;;;10003.0;30.0
1;2400;BANANAS;4873;1;4868;26;;;4874;1;4875;25;;;4873.5;23.4296875
1;2500;PEARLS;9995;27;;;;;10005;27;;;;;10000.0;32.0
1;2500;BANANAS;4867;27;;;;;4874;27;;;;;4870.5;24.669921875
1;2500;PINA_COLADAS;15000;29;14999;58;;;15003;87;;;;;15001.5;-440.125
1;2500;COCONUTS;7998;75;7997;124;;;8000;199;;;;;7999.0;9.5
1;2600;COCONUTS;7999;41;7998;130;;;8001;171;;;;;8000.0;-135.875
1;2600;PEARLS;9996;1;9995;20;;;10004;1;10005;20;;;10000.0;32.0
1;2600;BANANAS;4867;21;;;;;4874;21;;;;;4870.5;23.138671875
1;2600;PINA_COLADAS;15001;97;;;;;15004;97;;;;;15002.5;-486.625
1;2700;PEARLS;9996;2;9995;29;;;10004;2;10005;29;;;10000.0;32.0
1;2700;BANANAS;4872;1;4867;31;;;4874;31;;;;;4873.0;22.580078125
1;2700;PINA_COLADAS;15000;106;;;;;15003;106;;;;;15001.5;-454.53125
1;2700;COCONUTS;7998;179;;;;;8001;179;;;;;7999.5;-97.625
1;2800;PINA_COLADAS;15004;21;15003;73;;;15006;21;15007;73;;;15005.0;-554.75
1;2800;COCONUTS;8000;215;;;;;8003;215;;;;;8001.5;-320.5
1;2800;PEARLS;9995;22;;;;;10005;22;;;;;10000.0;32.0
1;2800;BANANAS;4868;22;;;;;4875;22;;;;;4871.5;25.53515625
1;2900;PEARLS;9996;1;9995;21;;;10002;6;10004;1;10005;21;9999.0;32.0
1;2900;BANANAS;4869;1;4868;21;;;4873;6;4875;22;;;4871.0;28.072265625
1;2900;PINA_COLADAS;15006;30;15005;73;;;15008;30;15009;73;;;15007.0;-588.2578125
1;2900;COCONUTS;8000;190;;;;;8003;190;;;;;8001.5;-389.375
1;3000;COCONUTS;8000;215;;;;;8003;215;;;;;8001.5;-395.5
1;3000;BANANAS;4869;28;;;;;4876;28;;;;;4872.5;30.34765625
1;3000;PEARLS;9996;1;9995;27;;;10004;1;10005;27;;;10000.0;32.0
1;3000;PINA_COLADAS;15008;104;;;;;15011;104;;;;;15009.5;-706.75
1;3100;BANANAS;4869;25;;;;;4876;25;;;;;4872.5;29.763671875
1;3100;PEARLS;9995;25;;;;;10005;25;;;;;10000.0;32.0
1;3100;PINA_COLADAS;15008;20;15007;75;;;15011;95;;;;;15009.5;-699.4375
1;3100;COCONUTS;8000;187;;;;;8003;187;;;;;8001.5;-357.375
1;3200;PINA_COLADAS;15009;22;15008;39;15007;68;15010;39;15011;68;;;15009.5;-695.9375
1;3200;COCONUTS;8001;60;8000;146;;;8003;206;;;;;8002.0;-413.25
1;3200;BANANAS;4869;29;;;;;4876;29;;;;;4872.5;30.671875
1;3200;PEARLS;9996;1;9995;28;;;10004;1;10005;28;;;10000.0;32.0
1;3300;BANANAS;4869;5;4868;26;;;4875;28;;;;;4872.0;34.73828125
1;3300;PEARLS;9998;3;9996;2;9995;26;10004;2;10005;26;;;10001.0;32.0
1;3300;COCONUTS;8000;217;;;;;8003;217;;;;;8001.5;-374.75
1;3300;PINA_COLADAS;15007;98;;;;;15010;98;;;;;15008.5;-674.875
1;3400;COCONUTS;8000;200;;;;;8003;200;;;;;8001.5;-390.0
1;3400;PEARLS;10000;2;9996;1;9995;25;10004;1;10005;25;;;10002.0;32.0
1;3400;BANANAS;4869;26;;;;;4876;26;;;;;4872.5;36.1513671875
1;3400;PINA_COLADAS;15007;22;15006;74;;;15010;96;;;;;15008.5;-662.75
1;3500;PEARLS;9996;2;9995;21;;;10004;2;10005;21;;;10000.0;32.0
1;3500;BANANAS;4873;4;4869;23;;;4876;23;;;;;4874.5;35.744140625
1;3500;COCONUTS;7999;143;;;;;8002;143;;;;;8000.5;-225.875
1;3500;PINA_COLADAS;15007;99;;;;;15010;99;;;;;15008.5;-672.375
1;3600;PINA_COLADAS;15008;30;15007;62;;;15010;30;15011;62;;;15009.0;-693.875
1;3600;PEARLS;10000;3;9995;30;;;10002;5;10005;30;;;10001.0;32.0
1;3600;BANANAS;4869;30;;;;;4874;5;4876;30;;;4871.5;35.2861328125
1;3600;COCONUTS;8001;43;8000;227;;;8002;77;8003;150;;;8001.5;-299.375
1;3700;PEARLS;9998;6;9996;1;9995;24;10004;1;10005;24;;;10001.0;32.0
1;3700;BANANAS;4870;6;4869;25;;;4876;25;;;;;4873.0;36.0771484375
1;3700;COCONUTS;7999;207;;;;;8002;207;;;;;8000.5;-241.0
1;3700;PINA_COLADAS;15008;97;;;;;15011;97;;;;;15009.5;-702.75
1;3800;PEARLS;9996;1;9995;29;;;10004;1;10005;29;;;10000.0;32.0
1;3800;BANANAS;4870;1;4869;29;;;4876;30;;;;;4873.0;36.4677734375
1;3800;COCONUTS;7998;161;;;;;8001;161;;;;;7999.5;-110.5
1;3800;PINA_COLADAS;15005;80;;;;;15006;33;15008;80;;;15005.5;-599.875
1;3900;PEARLS;10002;4;9996;2;9995;26;10004;2;10005;26;;;10003.0;32.0
1;3900;BANANAS;4870;28;;;;;4876;28;;;;;4873.0;37.10546875
1;3900;COCONUTS;7998;197;;;;;8001;197;;;;;7999.5;-43.125
1;3900;PINA_COLADAS;15005;22;15004;54;;;15008;76;;;;;15006.5;-584.9375
1;4000;PINA_COLADAS;15004;88;;;;;15007;88;;;;;15005.5;-562.125
1;4000;PEARLS;9996;2;9995;30;;;10004;2;10005;30;;;10000.0;40.0
1;4000;BANANAS;4870;32;;;;;4877;32;;;;;4873.5;37.943359375
1;4000;COCONUTS;7998;73;7997;165;;;8000;165;;;;;7999.0;37.0
1;4100;PEARLS;9996;1;9995;25;;;10002;4;10004;1;10005;25;9999.0;40.0
1;4100;BANANAS;4870;26;;;;;4875;4;4877;26;;;4872.5;37.8466796875
1;4100;COCONUTS;7998;181;;;;;8000;78;8001;103;;;7999.0;-14.0
1;4100;PINA_COLADAS;15005;20;15004;57;;;15007;20;15008;57;;;15006.0;-578.3125
1;4200;PEARLS;9996;2;9995;26;;;9998;5;10004;2;10005;26;9997.0;40.0
1;4200;BANANAS;4870;28;;;;;4876;2;4877;26;;;4873.0;37.416015625
1;4200;COCONUTS;7997;180;;;;;8000;180;;;;;7998.5;74.25
1;4200;PINA_COLADAS;15004;24;15003;63;;;15007;87;;;;;15005.5;-548.5
1;4300;PEARLS;9996;1;9995;24;;;10000;5;10004;1;10005;24;9998.0;50.0
1;4300;BANANAS;4869;25;;;;;4876;25;;;;;4872.5;36.3505859375
1;4300;COCONUTS;7998;46;7997;129;;;8000;175;;;;;7999.0;12.5
1;4300;PINA_COLADAS;15007;92;;;;;15010;92;;;;;15008.5;-673.125
1;4400;PEARLS;9995;22;;;;;10005;22;;;;;10000.0;50.0
1;4400;BANANAS;4870;22;;;;;4877;22;;;;;4873.5;37.8095703125
1;4400;COCONUTS;7998;194;;;;;8000;80;8001;114;;;7999.0;-177.78125
1;4400;PINA_COLADAS;15007;83;;;;;15010;83;;;;;15008.5;-685.0625
1;4500;BANANAS;4871;26;;;;;4877;26;;;;;4874.0;39.1123046875
1;4500;COCONUTS;7997;146;;;;;7999;43;8000;103;;;7998.0;-355.5625
1;4500;PEARLS;9995;26;;;;;10005;26;;;;;10000.0;50.0
1;4500;PINA_COLADAS;15005;88;;;;;15008;88;;;;;15006.5;-593.875
1;4600;BANANAS;4876;1;4871;1;4870;21;4877;22;;;;;4876.5;38.541015625
1;4600;PINA_COLADAS;15005;39;15004;62;;;15007;39;15008;62;;;15006.0;-581.0
1;4600;PEARLS;9996;1;9995;21;;;10004;1;10005;21;;;10000.0;50.0
1;4600;COCONUTS;7996;184;;;;;7998;59;7999;125;;;7997.0;-485.5859375
1;4700;PINA_COLADAS;15007;33;15006;68;;;15009;33;15010;68;;;15008.0;-778.5
1;4700;BANANAS;4871;27;;;;;4878;27;;;;;4874.5;41.896484375
1;4700;PEARLS;9995;27;;;;;10005;27;;;;;10000.0;50.0
1;4700;COCONUTS;7996;203;;;;;7999;203;;;;;7997.5;-512.125
1;4800;BANANAS;4871;29;;;;;4877;29;;;;;4874.0;41.0390625
1;4800;PINA_COLADAS;15004;35;15003;71;;;15006;35;15007;71;;;15005.0;-480.375
1;4800;PEARLS;9996;1;9995;28;;;10004;1;10005;28;;;10000.0;50.0
1;4800;COCONUTS;7994;189;;;;;7997;189;;;;;7995.5;-674.1875
1;4900;BANANAS;4872;7;4871;29;;;4878;29;;;;;4875.0;41.40576171875
1;4900;PEARLS;9998;7;9996;2;9995;27;10004;2;10005;27;;;10001.0;50.0
1;4900;COCONUTS;7994;180;;;;;7996;43;7997;137;;;7995.0;-684.0625
1;4900;PINA_COLADAS;15004;23;15003;53;;;15006;23;15007;53;;;15005.0;-525.0
1;5000;BANANAS;4872;2;4871;29;;;4874;3;4878;31;;;4873.0;46.2021484375
1;5000;PINA_COLADAS;15002;95;;;;;15005;95;;;;;15003.5;-271.25
1;5000;PEARLS;9996;2;9995;29;;;10004;2;10005;29;;;10000.0;50.0
1;5000;COCONUTS;7995;188;;;;;7997;42;7998;146;;;7996.0;-610.0
1;5100;PINA_COLADAS;15003;32;15002;60;;;15005;32;15006;60;;;15004.0;-368.25
1;5100;BANANAS;4871;25;;;;;4878;25;;;;;4874.5;46.4873046875
1;5100;PEARLS;9996;1;9995;24;;;10004;1;10005;24;;;10000.0;50.0
1;5100;COCONUTS;7995;193;;;;;7998;193;;;;;7996.5;-829.875
1;5200;BANANAS;4872;7;4871;29;;;4878;30;;;;;4875.0;46.11767578125
1;5200;PINA_COLADAS;15001;97;;;;;15004;97;;;;;15002.5;-225.625
1;5200;PEARLS;9998;6;9996;1;9995;29;10004;1;10005;29;;;10001.0;50.0
1;5200;COCONUTS;7994;154;;;;;7996;42;7997;112;;;7995.0;-736.8125
1;5300;PEARLS;9996;1;9995;21;;;10004;1;10005;21;;;10000.0;50.0
1;5300;COCONUTS;7993;183;;;;;7994;68;7996;183;;;7993.5;-700.625
1;5300;PINA_COLADAS;15000;38;14999;58;;;15002;38;15003;58;;;15001.0;6.875
1;5300;BANANAS;4877;1;4872;22;;;4878;1;4879;21;;;4877.5;45.78125
1;5400;PINA_COLADAS;15003;36;15002;56;;;15005;36;15006;56;;;15004.0;-392.625
1;5400;PEARLS;9998;9;9996;2;9995;20;10004;2;10005;20;;;10001.0;50.0
1;5400;COCONUTS;7994;154;;;;;7997;154;;;;;7995.5;-790.1875
1;5400;BANANAS;4873;9;4872;22;;;4878;2;4879;20;;;4875.5;47.8427734375
1;5500;PINA_COLADAS;15003;79;;;;;15006;79;;;;;15004.5;-459.0
1;5500;BANANAS;4875;6;4872;29;;;4879;29;;;;;4877.0;47.017578125
1;5500;PEARLS;9996;1;9995;28;;;10004;1;10005;28;;;10000.0;50.0
1;5500;COCONUTS;7995;188;;;;;7998;188;;;;;7996.5;-862.125
1;5600;BANANAS;4872;21;;;;;4877;6;4879;21;;;4874.5;47.1181640625
1;5600;PEARLS;9995;21;;;;;10002;6;10005;21;;;9998.5;50.0
1;5600;COCONUTS;7996;170;;;;;7999;170;;;;;7997.5;-926.875
1;5600;PINA_COLADAS;15003;86;;;;;15006;86;;;;;15004.5;-465.125
1;5700;COCONUTS;7996;64;7995;108;;;7998;172;;;;;7997.0;-871.625
1;5700;PEARLS;9996;1;9995;29;;;10004;1;10005;29;;;10000.0;50.0
1;5700;PINA_COLADAS;15001;24;15000;56;;;15004;80;;;;;15002.5;-148.0
1;5700;BANANAS;4873;1;4872;29;;;4879;30;;;;;4876.0;46.23046875
1;5800;COCONUTS;7995;71;7994;150;;;7997;150;;;;;7996.0;-761.5
1;5800;PEARLS;9996;2;9995;28;;;10002;5;10004;2;10005;28;9999.0;50.0
1;5800;PINA_COLADAS;14998;24;14997;73;;;15000;24;15001;73;;;14999.0;268.5
1;5800;BANANAS;4872;30;;;;;4874;1;4877;5;4879;30;4873.0;46.9404296875
1;5900;PINA_COLADAS;14998;77;;;;;15001;77;;;;;14999.5;178.125
1;5900;BANANAS;4872;31;;;;;4878;2;4879;29;;;4875.0;47.45703125
1;5900;COCONUTS;7994;188;;;;;7996;72;7997;116;;;7995.0;-671.875
1;5900;PEARLS;9996;2;9995;29;;;10004;2;10005;29;;;10000.0;50.0
1;6000;BANANAS;4873;7;4872;32;;;4879;32;;;;;4876.0;49.47216796875
1;6000;COCONUTS;7994;161;;;;;7997;161;;;;;7995.5;-771.75
1;6000;PEARLS;9998;7;9996;2;9995;30;10004;2;10005;30;;;10001.0;50.0
1;6000;PINA_COLADAS;15001;103;;;;;15004;103;;;;;15002.5;-138.375
1;6100;COCONUTS;7995;171;;;;;7997;59;7998;112;;;7996.0;-885.75
1;6100;PEARLS;10002;11;9996;1;9995;28;10004;1;10005;28;;;10003.0;50.0
1;6100;PINA_COLADAS;15001;91;;;;;15004;91;;;;;15002.5;-104.375
1;6100;BANANAS;4873;1;4872;28;;;4879;29;;;;;4876.0;49.13671875
1;6200;COCONUTS;7997;222;;;;;8000;222;;;;;7998.5;-1341.125
1;6200;PEARLS;9996;1;9995;20;;;10004;1;10005;20;;;10000.0;72.0
1;6200;PINA_COLADAS;15003;96;;;;;15006;96;;;;;15004.5;-384.375
1;6200;BANANAS;4873;21;;;;;4879;1;4880;20;;;4876.0;48.79345703125
1;6300;PINA_COLADAS;15005;88;;;;;15008;32;15009;56;;;15006.5;-617.375
1;6300;BANANAS;4873;22;;;;;4874;5;4879;22;;;4873.5;49.00244140625
1;6300;COCONUTS;7996;185;;;;;7999;185;;;;;7997.5;-1182.375
1;6300;PEARLS;9995;22;;;;;10005;22;;;;;10000.0;72.0
1;6400;BANANAS;4873;25;;;;;4874;2;4879;2;4880;23;4873.5;63.732421875
1;6400;COCONUTS;7997;190;;;;;8000;190;;;;;7998.5;-1353.625
1;6400;PEARLS;9996;2;9995;23;;;9998;1;10004;2;10005;23;9997.0;72.0
1;6400;PINA_COLADAS;15009;23;15008;65;;;15011;23;15012;65;;;15010.0;-977.5
1;6500;COCONUTS;7996;171;;;;;7999;171;;;;;7997.5;-1240.375
1;6500;PEARLS;9996;2;9995;24;;;10004;2;10005;24;;;10000.0;74.0
1;6500;PINA_COLADAS;15004;102;;;;;15007;102;;;;;15005.5;-388.25
1;6500;BANANAS;4873;2;4872;24;;;4875;2;4879;26;;;4874.0;65.734375
1;6600;COCONUTS;7994;209;;;;;7997;209;;;;;7995.5;-819.375
1;6600;PEARLS;9998;6;9995;25;;;10005;25;;;;;10001.5;74.0
1;6600;PINA_COLADAS;14999;93;;;;;15002;93;;;;;15000.5;271.875
1;6600;BANANAS;4874;6;4873;25;;;4880;25;;;;;4877.0;68.30078125
1;6700;PINA_COLADAS;15001;20;15000;59;;;15003;20;15004;59;;;15002.0;86.125
1;6700;PEARLS;9996;1;9995;29;;;9998;5;10004;1;10005;29;9997.0;74.0
1;6700;BANANAS;4873;30;;;;;4876;4;4879;1;4880;29;4874.5;68.77734375
1;6700;COCONUTS;7994;186;;;;;7997;186;;;;;7995.5;-800.5
1;6800;PEARLS;9996;1;9995;30;;;10002;1;10004;1;10005;30;9999.0;84.0
1;6800;BANANAS;4873;31;;;;;4877;1;4879;31;;;4875.0;66.61328125
1;6800;PINA_COLADAS;15000;91;;;;;15003;40;15004;51;;;15001.5;99.625
1;6800;COCONUTS;7995;193;;;;;7997;51;7998;142;;;7996.0;-878.125
1;6900;COCONUTS;7994;148;;;;;7997;148;;;;;7995.5;-750.0
1;6900;PINA_COLADAS;14999;89;;;;;15002;37;15003;52;;;15000.5;240.375
1;6900;PEARLS;9996;2;9995;22;;;10002;2;10004;2;10005;22;9999.0;84.0
1;6900;BANANAS;4873;2;4872;22;;;4877;2;4879;24;;;4875.0;65.609375
1;7000;PINA_COLADAS;15003;40;15002;58;;;15005;40;15006;58;;;15004.0;-190.5
1;7000;COCONUTS;7995;196;;;;;7998;196;;;;;7996.5;-1183.25
1;7000;PEARLS;9996;1;9995;22;;;10004;1;10005;22;;;10000.0;84.0
1;7000;BANANAS;4873;23;;;;;4879;23;;;;;4876.0;66.74609375
1;7100;PINA_COLADAS;15005;31;15004;67;;;15008;98;;;;;15006.5;-603.75
1;7100;PEARLS;9996;2;9995;25;;;10004;2;10005;25;;;10000.0;84.0
1;7100;BANANAS;4872;27;;;;;4875;4;4878;2;4879;25;4873.5;60.85546875
1;7100;COCONUTS;7996;25;7995;124;;;7998;189;;;;;7997.0;-1465.25
1;7200;PEARLS;9995;20;;;;;10005;20;;;;;10000.0;84.0
1;7200;BANANAS;4872;20;;;;;4878;20;;;;;4875.0;58.64453125
1;7200;PINA_COLADAS;15001;34;15000;75;;;15003;34;15004;75;;;15002.0;127.75
1;7200;COCONUTS;7995;198;;;;;7998;198;;;;;7996.5;-1491.25
1;7300;COCONUTS;7995;71;7994;111;;;7997;182;;;;;7996.0;-1437.0
1;7300;PINA_COLADAS;15001;29;15000;65;;;15004;94;;;;;15002.5;66.75
1;7300;PEARLS;9996;1;9995;21;;;10004;1;10005;21;;;10000.0;84.0
1;7300;BANANAS;4872;22;;;;;4879;22;;;;;4875.5;62.50390625
1;7400;PINA_COLADAS;15001;39;15000;67;;;15003;39;15004;67;;;15002.0;102.0
1;7400;COCONUTS;7994;185;;;;;7997;185;;;;;7995.5;-1326.875
1;7400;BANANAS;4871;28;;;;;4872;1;4878;28;;;4871.5;55.95703125
1;7400;PEARLS;9996;2;9995;26;;;10004;2;10005;26;;;10000.0;84.0
1;7500;PINA_COLADAS;15000;37;14999;63;;;15002;37;15003;63;;;15001.0;240.0
1;7500;BANANAS;4871;21;;;;;4878;21;;;;;4874.5;59.6796875
1;7500;PEARLS;9995;21;;;;;10005;21;;;;;10000.0;84.0
1;7500;COCONUTS;7993;169;;;;;7996;169;;;;;7994.5;-1110.625
1;7600;BANANAS;4873;2;4872;31;;;4878;31;;;;;4875.5;62.11328125
1;7600;PEARLS;9998;2;9996;1;9995;30;10004;1;10005;30;;;10001.0;84.0
1;7600;PINA_COLADAS;14998;97;;;;;15001;97;;;;;14999.5;476.0
1;7600;COCONUTS;7993;149;;;;;7994;17;7996;208;;;7993.5;-1217.0
1;7700;COCONUTS;7994;44;7993;134;;;7996;178;;;;;7995.0;-1213.0
1;7700;PINA_COLADAS;14997;107;;;;;15000;107;;;;;14998.5;578.0
1;7700;BANANAS;4871;25;;;;;4876;3;4878;25;;;4873.5;55.90625
1;7700;PEARLS;9995;25;;;;;9998;1;10002;3;10005;25;9996.5;84.0
1;7800;COCONUTS;7994;70;7993;106;;;7996;176;;;;;7995.0;-1233.875
1;7800;PINA_COLADAS;15000;25;14999;61;;;15002;25;15003;61;;;15001.0;235.5
1;7800;PEARLS;9995;22;;;;;10002;1;10005;22;;;9998.5;86.0
1;7800;BANANAS;4873;1;4870;22;;;4875;2;4877;22;;;4874.0;51.6484375
1;7900;PINA_COLADAS;14997;34;14996;55;;;14999;34;15000;55;;;14998.0;652.5
1;7900;PEARLS;9996;1;9995;23;;;10004;1;10005;23;;;10000.0;86.0
1;7900;BANANAS;4870;24;;;;;4876;1;4877;23;;;4873.0;46.48828125
1;7900;COCONUTS;7993;166;;;;;7996;166;;;;;7994.5;-1165.125
1;8000;PEARLS;9995;22;;;;;10002;8;10005;22;;;9998.5;86.0
1;8000;BANANAS;4869;22;;;;;4874;8;4876;22;;;4871.5;41.40625
1;8000;COCONUTS;7994;175;;;;;7996;49;7997;126;;;7995.0;-1303.625
1;8000;PINA_COLADAS;14996;97;;;;;14999;97;;;;;14997.5;701.75
1;8100;PINA_COLADAS;14991;88;;;;;14994;37;14995;51;;;14992.5;1172.125
1;8100;PEARLS;9996;1;9995;30;;;10004;1;10005;30;;;10000.0;86.0
1;8100;BANANAS;4869;31;;;;;4876;31;;;;;4872.5;40.2109375
1;8100;COCONUTS;7993;192;;;;;7994;40;7995;76;7996;116;7993.5;-1037.0
1;8200;PINA_COLADAS;14989;100;;;;;14992;100;;;;;14990.5;1389.125
1;8200;PEARLS;9995;24;;;;;10005;24;;;;;10000.0;86.0
1;8200;BANANAS;4873;5;4868;24;;;4875;24;;;;;4874.0;32.8046875
1;8200;COCONUTS;7992;149;;;;;7995;149;;;;;7993.5;-822.0
1;8300;PINA_COLADAS;14987;80;;;;;14990;80;;;;;14988.5;1644.125
1;8300;PEARLS;9996;1;9995;23;;;10004;1;10005;23;;;10000.0;86.0
1;8300;BANANAS;4869;24;;;;;4875;24;;;;;4872.0;34.56640625
1;8300;COCONUTS;7992;105;7991;131;;;7994;193;;;;;7993.0;-501.0
1;8400;PEARLS;9996;1;9995;23;;;10004;1;10005;23;;;10000.0;86.0
1;8400;BANANAS;4869;24;;;;;4875;24;;;;;4872.0;34.7265625
1;8400;COCONUTS;7990;201;;;;;7993;201;;;;;7991.5;421.0
1;8400;PINA_COLADAS;14983;23;14982;74;;;14985;23;14986;74;;;14984.0;2119.375
1;8500;PINA_COLADAS;14980;107;;;;;14983;107;;;;;14981.5;2379.0
1;8500;PEARLS;9995;21;;;;;10005;21;;;;;10000.0;86.0
1;8500;BANANAS;4869;21;;;;;4876;21;;;;;4872.5;35.94921875
1;8500;COCONUTS;7990;44;7989;209;;;7992;209;;;;;7991.0;752.0
1;8600;PINA_COLADAS;14982;26;14981;64;;;14984;26;14985;64;;;14983.0;2221.0
1;8600;PEARLS;9996;1;9995;24;;;10004;1;10005;24;;;10000.0;86.0
1;8600;BANANAS;4869;1;4868;24;;;4875;25;;;;;4872.0;62.0
1;8600;COCONUTS;7990;68;7989;101;;;7992;169;;;;;7991.0;584.0
1;8700;PINA_COLADAS;14984;99;;;;;14987;99;;;;;14985.5;1969.25
1;8700;PEARLS;9995;30;;;;;10005;30;;;;;10000.0;86.0
1;8700;BANANAS;4868;30;;;;;4875;30;;;;;4871.5;62.0
1;8700;COCONUTS;7990;181;;;;;7993;181;;;;;7991.5;167.5
1;8800;PEARLS;9998;1;9996;2;9995;22;10004;2;10005;22;;;10001.0;86.0
1;8800;BANANAS;4869;1;4868;24;;;4875;24;;;;;4872.0;62.0
1;8800;COCONUTS;7990;40;7989;117;;;7992;157;;;;;7991.0;684.5
1;8800;PINA_COLADAS;14982;80;;;;;14983;20;14985;80;;;14982.5;2140.625
1;8900;BANANAS;4868;29;;;;;4874;2;4875;27;;;4871.0;62.0
1;8900;COCONUTS;7992;213;;;;;7994;73;7995;140;;;7993.0;-629.5
1;8900;PINA_COLADAS;14984;105;;;;;14987;105;;;;;14985.5;1938.875
1;8900;PEARLS;9996;2;9995;27;;;10004;2;10005;27;;;10000.0;86.0
1;9000;PINA_COLADAS;14983;59;;;;;14984;5;14986;27;14987;59;14983.5;2009.25
1;9000;BANANAS;4868;20;;;;;4875;20;;;;;4871.5;62.0
1;9000;PEARLS;9995;20;;;;;10005;20;;;;;10000.0;86.0
1;9000;COCONUTS;7992;158;;;;;7995;158;;;;;7993.5;-1034.0
1;9100;BANANAS;4868;3;4867;26;;;4874;26;;;;;4871.0;62.0
1;9100;PINA_COLADAS;14981;97;;;;;14984;97;;;;;14982.5;2283.375
1;9100;PEARLS;9998;3;9996;1;9995;25;10004;1;10005;25;;;10001.0;86.0
1;9100;COCONUTS;7991;221;;;;;7994;221;;;;;7992.5;-208.0
1;9200;BANANAS;4868;2;4867;21;;;4874;21;;;;;4871.0;75.57421875
1;9200;PEARLS;9998;2;9995;21;;;10005;21;;;;;10001.5;86.0
1;9200;COCONUTS;7991;201;;;;;7994;201;;;;;7992.5;-345.0
1;9200;PINA_COLADAS;14981;36;14980;65;;;14984;101;;;;;14982.5;2318.125
1;9300;BANANAS;4872;1;4867;25;;;4873;25;;;;;4872.5;72.21875
1;9300;PINA_COLADAS;14981;22;14980;59;;;14984;81;;;;;14982.5;2314.375
1;9300;PEARLS;9996;2;9995;23;;;10004;2;10005;23;;;10000.0;86.0
1;9300;COCONUTS;7990;187;;;;;7993;187;;;;;7991.5;115.0
1;9400;PINA_COLADAS;14979;22;14978;95;;;14981;95;;;;;14980.0;2622.125
1;9400;BANANAS;4866;30;;;;;4867;1;4873;30;;;4866.5;71.0390625
1;9400;PEARLS;9995;30;;;;;10005;30;;;;;10000.0;86.0
1;9400;COCONUTS;7989;192;;;;;7992;192;;;;;7990.5;890.0
1;9500;BANANAS;4866;28;;;;;4873;28;;;;;4869.5;72.9921875
1;9500;PINA_COLADAS;14980;92;;;;;14983;92;;;;;14981.5;2384.875
1;9500;PEARLS;9996;1;9995;27;;;10004;1;10005;27;;;10000.0;86.0
1;9500;COCONUTS;7990;76;7989;123;;;7992;199;;;;;7991.0;620.5
1;9600;BANANAS;4871;1;4867;6;4866;32;4873;32;;;;;4872.0;71.421875
1;9600;PEARLS;9998;6;9996;2;9995;30;10004;2;10005;30;;;10001.0;86.0
1;9600;COCONUTS;7990;173;;;;;7992;52;7993;121;;;7991.0;315.75
1;9600;PINA_COLADAS;14978;92;;;;;14981;92;;;;;14979.5;2608.5
1;9700;BANANAS;4866;27;;;;;4873;27;;;;;4869.5;71.22265625
1;9700;PINA_COLADAS;14982;25;14981;77;;;14984;77;;;;;14983.0;2307.875
1;9700;PEARLS;9996;1;9995;26;;;10004;1;10005;26;;;10000.0;86.0
1;9700;COCONUTS;7990;205;;;;;7993;205;;;;;7991.5;-195.5
1;9800;PINA_COLADAS;14979;83;;;;;14982;83;;;;;14980.5;2496.125
1;9800;PEARLS;9996;1;9995;29;;;9998;1;10002;8;10004;1;9997.0;86.0
1;9800;COCONUTS;7990;166;;;;;7992;65;7993;101;;;7991.0;201.5
1;9800;BANANAS;4866;30;;;;;4871;8;4873;30;;;4868.5;70.43359375
1;9900;BANANAS;4871;1;4867;2;4866;31;4872;2;4873;29;;;4871.5;69.2890625
1;9900;PINA_COLADAS;14982;23;14981;77;;;14984;20;14985;57;;;14983.0;2219.75
1;9900;PEARLS;9998;2;9996;2;9995;29;10000;6;10004;2;10005;29;9999.0;88.0
1;9900;COCONUTS;7991;195;;;;;7994;195;;;;;7992.5;-725.0
1;10000;PEARLS;9995;23;;;;;10002;1;10005;23;;;9998.5;88.0
1;10000;COCONUTS;7991;196;;;;;7994;196;;;;;7992.5;-712.5
1;10000;BANANAS;4866;23;;;;;4871;1;4873;23;;;4868.5;73.8515625
1;10000;PINA_COLADAS;14980;87;;;;;14983;87;;;;;14981.5;2420.75
1;10100;BANANAS;4866;22;;;;;4873;22;;;;;4869.5;73.8125
1;10100;PEARLS;9995;22;;;;;10005;22;;;;;10000.0;88.0
1;10100;COCONUTS;7992;17;7991;126;;;7994;203;;;;;7993.0;-882.5
1;10100;PINA_COLADAS;14983;91;;;;;14986;91;;;;;14984.5;1996.5
1;10200;PINA_COLADAS;14983;33;14982;98;;;14985;98;;;;;14984.0;2158.25
1;10200;COCONUTS;7991;145;;;;;7994;145;;;;;7992.5;-501.0
1;10200;PEARLS;9996;2;9995;23;;;10002;1;10004;2;10005;23;9999.0;88.0
1;10200;BANANAS;4866;23;;;;;4867;6;4871;1;4873;25;4866.5;77.21484375
1;10300;BANANAS;4867;21;;;;;4873;21;;;;;4870.0;95.390625
1;10300;COCONUTS;7991;183;;;;;7994;183;;;;;7992.5;-661.5
1;10300;PEARLS;9995;21;;;;;10005;21;;;;;10000.0;88.0
1;10300;PINA_COLADAS;14984;32;14983;53;;;14987;85;;;;;14985.5;1843.25
1;10400;COCONUTS;7991;212;;;;;7994;212;;;;;7992.5;-811.5
1;10400;PEARLS;9995;21;;;;;10005;21;;;;;10000.0;88.0
1;10400;BANANAS;4866;21;;;;;4873;21;;;;;4869.5;93.2109375
1;10400;PINA_COLADAS;14985;78;;;;;14988;78;;;;;14986.5;1591.25
1;10500;BANANAS;4866;29;;;;;4871;2;4873;29;;;4868.5;93.71875
1;10500;COCONUTS;7991;163;;;;;7994;163;;;;;7992.5;-665.5
1;10500;PEARLS;9995;29;;;;;10002;1;10005;29;;;9998.5;88.0
1;10500;PINA_COLADAS;14988;84;;;;;14991;84;;;;;14989.5;1135.75
1;10600;PINA_COLADAS;14991;76;;;;;14992;33;14994;76;;;14991.5;617.25
1;10600;COCONUTS;7993;77;7992;158;;;7995;158;;;;;7994.0;-1291.0
1;10600;PEARLS;10000;4;9996;1;9995;26;10002;4;10004;1;10005;26;10001.0;88.0
1;10600;BANANAS;4867;27;;;;;4871;3;4873;27;;;4869.0;95.1484375
1;10700;BANANAS;4867;1;4866;21;;;4873;22;;;;;4870.0;94.71875
1;10700;COCONUTS;7992;190;;;;;7995;190;;;;;7993.5;-1502.25
1;10700;PEARLS;9996;1;9995;21;;;10004;1;10005;21;;;10000.0;88.0
1;10700;PINA_COLADAS;14992;96;;;;;14995;96;;;;;14993.5;146.0
1;10800;COCONUTS;7992;169;;;;;7994;64;7995;105;;;7993.0;-1287.25
1;10800;PEARLS;9996;2;9995;23;;;10004;2;10005;23;;;10000.0;88.0
1;10800;BANANAS;4872;1;4867;2;4866;23;4873;25;;;;;4872.5;92.3671875
1;10800;PINA_COLADAS;14990;85;;;;;14993;34;14994;51;;;14991.5;586.5
1;10900;BANANAS;4867;10;4866;32;;;4873;32;;;;;4870.0;90.859375
1;10900;COCONUTS;7991;188;;;;;7994;188;;;;;7992.5;-996.25
1;10900;PEARLS;9998;10;9996;2;9995;30;10004;2;10005;30;;;10001.0;88.0
1;10900;PINA_COLADAS;14990;83;;;;;14993;83;;;;;14991.5;683.5
1;11000;PINA_COLADAS;14988;96;;;;;14991;96;;;;;14989.5;1304.0
1;11000;COCONUTS;7990;169;;;;;7992;44;7993;125;;;7991.0;-463.25
1;11000;PEARLS;9996;1;9995;24;;;10004;1;10005;24;;;10000.0;88.0
1;11000;BANANAS;4866;25;;;;;4873;25;;;;;4869.5;91.625
1;11100;BANANAS;4866;27;;;;;4873;27;;;;;4869.5;90.1171875
1;11100;COCONUTS;7990;45;7989;143;;;7992;188;;;;;7991.0;-381.5
1;11100;PINA_COLADAS;14988;85;;;;;14991;20;14992;65;;;14989.5;1167.5
1;11100;PEARLS;9996;2;9995;25;;;10004;2;10005;25;;;10000.0;88.0
1;11200;COCONUTS;7990;69;7989;100;;;7992;169;;;;;7991.0;-431.25
1;11200;PEARLS;9996;1;9995;26;;;10004;1;10005;26;;;10000.0;88.0
1;11200;BANANAS;4867;27;;;;;4874;27;;;;;4870.5;104.3046875
1;11200;PINA_COLADAS;14989;95;;;;;14992;95;;;;;14990.5;978.5
1;11300;PEARLS;9995;29;;;;;9998;1;10005;29;;;9996.5;88.0
1;11300;BANANAS;4867;29;;;;;4874;29;;;;;4870.5;102.6953125
1;11300;PINA_COLADAS;14984;104;;;;;14987;104;;;;;14985.5;2400.5
1;11300;COCONUTS;7988;43;7987;113;;;7990;156;;;;;7989.0;406.0
1;11400;PINA_COLADAS;14983;100;;;;;14986;100;;;;;14984.5;2686.5
1;11400;COCONUTS;7987;172;;;;;7990;172;;;;;7988.5;627.0
1;11400;PEARLS;10002;1;9995;22;;;10005;22;;;;;10003.5;90.0
1;11400;BANANAS;4867;22;;;;;4874;22;;;;;4870.5;105.1875
1;11500;PEARLS;9995;27;;;;;10005;27;;;;;10000.0;92.0
1;11500;BANANAS;4867;27;;;;;4874;27;;;;;4870.5;107.625
1;11500;PINA_COLADAS;14986;74;;;;;14989;74;;;;;14987.5;1872.0
1;11500;COCONUTS;7988;161;;;;;7989;61;7990;53;7991;108;7988.5;302.0
1;11600;COCONUTS;7988;51;7987;107;;;7990;158;;;;;7989.0;379.75
1;11600;PEARLS;9998;6;9996;1;9995;30;10004;1;10005;30;;;10001.0;92.0
1;11600;BANANAS;4869;6;4868;31;;;4874;1;4875;30;;;4871.5;115.0234375
1;11600;PINA_COLADAS;14984;80;;;;;14987;80;;;;;14985.5;2490.5
1;11700;PEARLS;9996;1;9995;22;;;10000;2;10004;1;10005;22;9998.0;92.0
1;11700;BANANAS;4868;23;;;;;4874;23;;;;;4871.0;112.171875
1;11700;PINA_COLADAS;14987;96;;;;;14990;96;;;;;14988.5;1503.5
1;11700;COCONUTS;7989;206;;;;;7992;206;;;;;7990.5;-304.5
1;11800;PINA_COLADAS;14986;96;;;;;14989;96;;;;;14987.5;1855.0
1;11800;COCONUTS;7989;180;;;;;7992;180;;;;;7990.5;-270.5
1;11800;PEARLS;9996;2;9995;25;;;10004;2;10005;25;;;10000.0;92.0
1;11800;BANANAS;4868;27;;;;;4874;27;;;;;4871.0;112.5546875
1;11900;BANANAS;4868;21;;;;;4875;21;;;;;4871.5;119.4140625
1;11900;PEARLS;9996;1;9995;20;;;10004;1;10005;20;;;10000.0;92.0
1;11900;PINA_COLADAS;14986;80;;;;;14989;80;;;;;14987.5;1910.0
1;11900;COCONUTS;7989;193;;;;;7991;46;7992;147;;;7990.0;-78.0
1;12000;COCONUTS;7988;183;;;;;7991;183;;;;;7989.5;112.0
1;12000;BANANAS;4868;24;;;;;4871;2;4875;24;;;4869.5;119.171875
1;12000;PEARLS;9996;2;9995;22;;;9998;1;10004;2;10005;22;9997.0;92.0
1;12000;PINA_COLADAS;14988;34;14987;69;;;14990;34;14991;69;;;14989.0;1411.0
1;12100;BANANAS;4868;24;;;;;4875;24;;;;;4871.5;115.5
1;12100;PEARLS;9995;24;;;;;9998;2;10005;24;;;9996.5;94.0
1;12100;PINA_COLADAS;14987;34;14986;60;;;14989;34;14990;60;;;14988.0;1709.5
1;12100;COCONUTS;7988;166;;;;;7991;166;;;;;7989.5;243.25
1;12200;PINA_COLADAS;14990;86;;;;;14993;86;;;;;14991.5;716.0
1;12200;COCONUTS;7989;206;;;;;7992;206;;;;;7990.5;-258.0
1;12200;BANANAS;4868;24;;;;;4873;3;4874;1;4875;24;4870.5;118.8203125
1;12200;PEARLS;9996;1;9995;24;;;10002;3;10004;1;10005;24;9999.0;98.0
1;12300;PEARLS;9996;1;9995;20;;;10004;1;10005;20;;;10000.0;98.0
1;12300;BANANAS;4868;21;;;;;4874;1;4875;20;;;4871.0;119.0546875
1;12300;COCONUTS;7989;187;;;;;7992;187;;;;;7990.5;-174.5
1;12300;PINA_COLADAS;14992;108;;;;;14993;22;14995;108;;;14992.5;65.5
1;12400;PEARLS;9996;1;9995;28;;;10004;1;10005;28;;;10000.0;98.0
1;12400;BANANAS;4868;29;;;;;4869;1;4875;29;;;4868.5;120.8125
1;12400;COCONUTS;7990;166;;;;;7993;166;;;;;7991.5;-748.25
1;12400;PINA_COLADAS;14995;100;;;;;14998;37;14999;63;;;14996.5;-875.0
1;12500;PEARLS;9996;2;9995;22;;;10004;2;10005;22;;;10000.0;98.0
1;12500;BANANAS;4867;24;;;;;4873;2;4874;22;;;4870.0;105.8125
1;12500;COCONUTS;7991;183;;;;;7994;183;;;;;7992.5;-1074.5
1;12500;PINA_COLADAS;14996;27;14995;51;;;14997;21;14998;27;14999;51;14996.5;-961.0
1;12600;PINA_COLADAS;14996;35;14995;64;;;14999;99;;;;;14997.5;-964.5
1;12600;PEARLS;9996;2;9995;28;;;10004;2;10005;28;;;10000.0;98.0
1;12600;BANANAS;4867;30;;;;;4873;2;4874;28;;;4870.0;106.140625
1;12600;COCONUTS;7992;169;;;;;7995;169;;;;;7993.5;-1329.5
1;12700;PEARLS;9996;1;9995;23;;;9998;3;10004;1;10005;23;9997.0;98.0
1;12700;BANANAS;4867;24;;;;;4873;1;4874;23;;;4870.0;106.3203125
1;12700;COCONUTS;7992;175;;;;;7994;66;7995;109;;;7993.0;-1274.75
1;12700;PINA_COLADAS;14995;99;;;;;14998;99;;;;;14996.5;-852.0
1;12800;PEARLS;9998;4;9996;1;9995;23;10004;1;10005;23;;;10001.0;104.0
1;12800;BANANAS;4868;4;4867;24;;;4874;24;;;;;4871.0;110.390625
1;12800;COCONUTS;7991;199;;;;;7994;199;;;;;7992.5;-1021.5
1;12800;PINA_COLADAS;14993;27;14992;74;;;14995;27;14996;74;;;14994.0;-78.5
1;12900;PEARLS;9995;29;;;;;10005;29;;;;;10000.0;104.0
1;12900;BANANAS;4872;1;4867;29;;;4874;29;;;;;4873.0;109.15625
1;12900;COCONUTS;7992;44;7991;109;;;7994;153;;;;;7993.0;-1409.5
1;12900;PINA_COLADAS;14993;33;14992;54;;;14995;33;14996;54;;;14994.0;-44.5
1;13000;PINA_COLADAS;14994;13;14992;96;;;14995;96;;;;;14994.5;136.5
1;13000;PEARLS;9996;1;9995;25;;;9998;1;10004;1;10005;25;9997.0;104.0
1;13000;BANANAS;4870;3;4867;26;;;4873;1;4874;25;;;4871.5;106.3125
1;13000;COCONUTS;7990;215;;;;;7993;215;;;;;7991.5;-590.0
1;13100;PEARLS;10002;3;9996;1;9995;24;10004;1;10005;24;;;10003.0;106.0
1;13100;BANANAS;4867;25;;;;;4873;25;;;;;4870.0;105.51953125
1;13100;COCONUTS;7990;149;;;;;7993;149;;;;;7991.5;-594.0
1;13100;PINA_COLADAS;14991;23;14990;64;;;14993;23;14994;64;;;14992.0;522.0
1;13200;PEARLS;9996;1;9995;20;;;10004;1;10005;20;;;10000.0;112.0
1;13200;BANANAS;4866;21;;;;;4873;21;;;;;4869.5;99.29296875
1;13200;COCONUTS;7991;159;;;;;7994;159;;;;;7992.5;-988.5
1;13200;PINA_COLADAS;14992;103;;;;;14995;103;;;;;14993.5;98.5
1;13300;PINA_COLADAS;14990;111;;;;;14993;36;14994;75;;;14991.5;567.5
1;13300;PEARLS;9996;1;9995;29;;;10004;1;10005;29;;;10000.0;112.0
1;13300;BANANAS;4866;1;4865;29;;;4872;30;;;;;4869.0;89.078125
1;13300;COCONUTS;7990;199;;;;;7993;199;;;;;7991.5;-462.0
1;13400;BANANAS;4865;31;;;;;4872;31;;;;;4868.5;87.24609375
1;13400;COCONUTS;7990;205;;;;;7993;205;;;;;7991.5;-711.0
1;13400;PINA_COLADAS;14990;34;14989;75;;;14992;34;14993;75;;;14991.0;829.5
1;13400;PEARLS;9996;2;9995;29;;;10004;2;10005;29;;;10000.0;112.0
1;13500;BANANAS;4866;2;4865;21;;;4872;23;;;;;4869.0;90.12890625
1;13500;PEARLS;9996;2;9995;21;;;10004;2;10005;21;;;10000.0;112.0
1;13500;COCONUTS;7990;207;;;;;7993;207;;;;;7991.5;-607.0
1;13500;PINA_COLADAS;14988;82;;;;;14991;82;;;;;14989.5;1239.0
1;13600;BANANAS;4867;7;4866;30;;;4872;30;;;;;4869.5;91.63671875
1;13600;PINA_COLADAS;14990;32;14989;69;;;14992;32;14993;69;;;14991.0;793.5
1;13600;PEARLS;10002;1;10000;3;9998;7;10005;30;;;;;10003.5;112.0
1;13600;COCONUTS;7991;176;;;;;7994;176;;;;;7992.5;-1114.0
1;13700;PINA_COLADAS;14989;78;;;;;14992;78;;;;;14990.5;917.0
1;13700;BANANAS;4865;30;;;;;4870;9;4872;30;;;4867.5;87.0234375
1;13700;PEARLS;9996;1;9995;29;;;10002;9;10004;1;10005;29;9999.0;114.0
1;13700;COCONUTS;7990;205;;;;;7993;205;;;;;7991.5;-647.5
1;13800;BANANAS;4866;26;;;;;4871;1;4873;26;;;4868.5;98.09375
1;13800;PINA_COLADAS;14988;7;14986;72;;;14989;22;14990;50;;;14988.5;1719.0
1;13800;PEARLS;9995;26;;;;;10002;1;10005;26;;;9998.5;114.0
1;13800;COCONUTS;7990;214;;;;;7993;214;;;;;7991.5;-462.0
1;13900;BANANAS;4866;21;;;;;4867;1;4871;5;4873;21;4866.5;99.7890625
1;13900;PEARLS;9996;1;9995;20;;;10002;5;10004;1;10005;20;9999.0;114.0
1;13900;COCONUTS;7989;181;;;;;7992;181;;;;;7990.5;-110.0
1;13900;PINA_COLADAS;14986;89;;;;;14989;21;14990;68;;;14987.5;1740.5
1;14000;BANANAS;4867;29;;;;;4873;1;4874;28;;;4870.0;110.4609375
1;14000;PINA_COLADAS;14986;93;;;;;14989;93;;;;;14987.5;1856.0
1;14000;PEARLS;9996;1;9995;28;;;10004;1;10005;28;;;10000.0;114.0
1;14000;COCONUTS;7989;69;7988;199;;;7991;199;;;;;7990.0;568.0
1;14100;PINA_COLADAS;14986;91;;;;;14989;91;;;;;14987.5;1843.5
1;14100;BANANAS;4867;28;;;;;4874;28;;;;;4870.5;114.1640625
1;14100;PEARLS;9996;1;9995;27;;;10004;1;10005;27;;;10000.0;114.0
1;14100;COCONUTS;7988;158;;;;;7991;158;;;;;7989.5;560.0
1;14200;BANANAS;4867;27;;;;;4874;27;;;;;4870.5;113.609375
1;14200;PINA_COLADAS;14989;82;;;;;14992;28;14993;54;;;14990.5;856.0
1;14200;PEARLS;9996;1;9995;26;;;10004;1;10005;26;;;10000.0;114.0
1;14200;COCONUTS;7990;167;;;;;7993;167;;;;;7991.5;-647.5
1;14300;PEARLS;9996;2;9995;30;;;10004;2;10005;30;;;10000.0;114.0
1;14300;COCONUTS;7991;80;7990;191;;;7993;191;;;;;7992.0;-457.0
1;14300;PINA_COLADAS;14987;79;;;;;14990;79;;;;;14988.5;1546.0
1;14300;BANANAS;4867;32;;;;;4873;2;4874;30;;;4870.0;111.4453125
1;14400;PEARLS;10002;1;9996;1;9995;26;10004;1;10005;26;;;10003.0;114.0
1;14400;COCONUTS;7989;175;;;;;7992;175;;;;;7990.5;-82.0
1;14400;PINA_COLADAS;14984;86;;;;;14987;86;;;;;14985.5;2378.0
1;14400;BANANAS;4867;27;;;;;4873;27;;;;;4870.0;107.984375
1;14500;PINA_COLADAS;14986;90;;;;;14989;90;;;;;14987.5;1904.5
1;14500;BANANAS;4867;1;4866;20;;;4871;2;4873;21;;;4869.0;103.59375
1;14500;PEARLS;9996;1;9995;20;;;9998;9;10002;2;10004;1;9997.0;116.0
1;14500;COCONUTS;7990;80;7989;106;;;7992;186;;;;;7991.0;-168.5
1;14600;BANANAS;4867;1;4866;22;;;4871;4;4873;23;;;4869.0;103.515625
1;14600;COCONUTS;7992;61;7991;132;;;7994;193;;;;;7993.0;-1331.0
1;14600;PEARLS;9996;1;9995;22;;;10002;4;10004;1;10005;22;9999.0;134.0
1;14600;PINA_COLADAS;14985;92;;;;;14988;39;14989;53;;;14986.5;2009.0
1;14700;COCONUTS;7993;184;;;;;7996;184;;;;;7994.5;-2329.0
1;14700;PEARLS;10000;2;9995;26;;;10005;26;;;;;10002.5;134.0
1;14700;PINA_COLADAS;14990;100;;;;;14993;100;;;;;14991.5;724.0
1;14700;BANANAS;4871;1;4865;26;;;4872;26;;;;;4871.5;92.625
1;14800;COCONUTS;7992;156;;;;;7995;156;;;;;7993.5;-1561.5
1;14800;PEARLS;9996;1;9995;23;;;10004;1;10005;23;;;10000.0;134.0
1;14800;PINA_COLADAS;14988;97;;;;;14991;97;;;;;14989.5;1319.5
1;14800;BANANAS;4866;24;;;;;4867;2;4872;24;;;4866.5;115.76953125
1;14900;PINA_COLADAS;14989;104;;;;;14990;23;14992;104;;;14989.5;989.5
1;14900;BANANAS;4865;21;;;;;4872;21;;;;;4868.5;117.8671875
1;14900;COCONUTS;7992;167;;;;;7995;167;;;;;7993.5;-1807.0
1;14900;PEARLS;9996;1;9995;20;;;10004;1;10005;20;;;10000.0;134.0
1;15000;BANANAS;4870;1;4866;4;4865;25;4872;25;;;;;4871.0;116.14453125
1;15000;COCONUTS;7991;174;;;;;7993;71;7994;103;;;7992.0;-918.0
1;15000;PEARLS;9998;1;9995;25;;;10005;25;;;;;10001.5;134.0
1;15000;PINA_COLADAS;14986;30;14985;70;;;14988;30;14989;70;;;14987.0;1963.5
1;15100;COCONUTS;7990;175;;;;;7993;175;;;;;7991.5;-660.5
1;15100;PEARLS;9998;10;9995;26;;;10005;26;;;;;10001.5;134.0
1;15100;PINA_COLADAS;14985;38;14984;50;;;14987;38;14988;50;;;14986.0;2289.5
1;15100;BANANAS;4865;10;4864;26;;;4871;26;;;;;4868.0;113.1015625
1;15200;COCONUTS;7991;184;;;;;7994;184;;;;;7992.5;-1077.5
1;15200;PEARLS;9995;25;;;;;10002;10;10005;25;;;9998.5;134.0
1;15200;PINA_COLADAS;14984;71;;;;;14987;79;;;;;14985.5;2348.0
1;15200;BANANAS;4864;25;;;;;4869;10;4871;25;;;4866.5;112.44140625
1;15300;PINA_COLADAS;14980;109;;;;;14983;109;;;;;14981.5;3654.5
1;15300;BANANAS;4864;26;;;;;4870;2;4871;24;;;4867.0;111.455078125
1;15300;COCONUTS;7990;197;;;;;7993;197;;;;;7991.5;-610.5
1;15300;PEARLS;9996;2;9995;24;;;10004;2;10005;24;;;10000.0;134.0
1;15400;BANANAS;4864;24;;;;;4871;24;;;;;4867.5;111.74609375
1;15400;COCONUTS;7990;190;;;;;7993;190;;;;;7991.5;-538.0
1;15400;PEARLS;9996;1;9995;23;;;10004;1;10005;23;;;10000.0;134.0
1;15400;PINA_COLADAS;14979;32;14978;60;;;14981;32;14982;60;;;14980.0;4014.0
1;15500;COCONUTS;7990;194;;;;;7993;194;;;;;7991.5;-526.0
1;15500;PEARLS;10002;1;9998;1;9996;2;10004;2;10005;22;;;10003.0;134.0
1;15500;PINA_COLADAS;14979;80;;;;;14982;80;;;;;14980.5;3897.5
1;15500;BANANAS;4865;1;4864;24;;;4871;24;;;;;4868.0;113.12109375
1;15600;COCONUTS;7991;46;7990;110;;;7993;156;;;;;7992.0;-797.5
1;15600;PINA_COLADAS;14979;85;;;;;14982;85;;;;;14980.5;3874.5
1;15600;PEARLS;9996;2;9995;23;;;10002;6;10004;2;10005;23;9999.0;136.0
1;15600;BANANAS;4864;25;;;;;4869;7;4870;2;4871;23;4866.5;110.640625
1;15700;PINA_COLADAS;14977;95;;;;;14980;95;;;;;14978.5;4409.5
1;15700;PEARLS;9998;8;9996;1;9995;20;10004;1;10005;20;;;10001.0;136.0
1;15700;BANANAS;4864;9;4863;20;;;4870;21;;;;;4867.0;109.125
1;15700;COCONUTS;7990;182;;;;;7993;182;;;;;7991.5;-723.5
1;15800;PEARLS;9996;2;9995;23;;;10004;2;10005;23;;;10000.0;136.0
1;15800;BANANAS;4863;25;;;;;4870;25;;;;;4866.5;106.69140625
1;15800;PINA_COLADAS;14980;104;;;;;14983;104;;;;;14981.5;3640.0
1;15800;COCONUTS;7992;184;;;;;7994;56;7995;128;;;7993.0;-1486.5
1;15900;COCONUTS;7992;173;;;;;7995;173;;;;;7993.5;-1562.0
1;15900;PINA_COLADAS;14981;84;;;;;14984;84;;;;;14982.5;3328.5
1;15900;PEARLS;9996;1;9995;30;;;10004;1;10005;30;;;10000.0;136.0
1;15900;BANANAS;4864;31;;;;;4870;31;;;;;4867.0;109.703125
1;16000;PINA_COLADAS;14977;82;;;;;14980;82;;;;;14978.5;4456.0
1;16000;COCONUTS;7991;198;;;;;7993;58;7994;140;;;7992.0;-911.5
1;16000;PEARLS;9995;23;;;;;10005;23;;;;;10000.0;136.0
1;16000;BANANAS;4862;23;;;;;4869;23;;;;;4865.5;104.4375
1;16100;PINA_COLADAS;14977;39;14976;72;;;14979;39;14980;72;;;14978.0;4605.5
1;16100;PEARLS;9996;2;9995;25;;;10004;2;10005;25;;;10000.0;136.0
1;16100;BANANAS;4863;27;;;;;4869;2;4870;25;;;4866.0;105.78515625
1;16100;COCONUTS;7991;205;;;;;7994;205;;;;;7992.5;-1201.0
1;16200;PEARLS;9998;6;9996;2;9995;21;10004;2;10005;21;;;10001.0;136.0
1;16200;BANANAS;4864;6;4863;23;;;4869;2;4870;21;;;4866.5;108.34375
1;16200;PINA_COLADAS;14978;76;;;;;14981;76;;;;;14979.5;4161.0
1;16200;COCONUTS;7991;193;;;;;7994;193;;;;;7992.5;-1196.0
1;16300;COCONUTS;7991;190;;;;;7994;190;;;;;7992.5;-1311.5
1;16300;PINA_COLADAS;14979;104;;;;;14982;104;;;;;14980.5;3894.0
1;16300;BANANAS;4868;1;4863;24;;;4869;2;4870;22;;;4868.5;108.8671875
1;16300;PEARLS;9996;2;9995;22;;;10004;2;10005;22;;;10000.0;136.0
1;16400;PINA_COLADAS;14982;72;;;;;14985;72;;;;;14983.5;2960.0
1;16400;COCONUTS;7993;53;7992;150;;;7995;203;;;;;7994.0;-1931.5
1;16400;BANANAS;4863;27;;;;;4870;27;;;;;4866.5;110.697265625
1;16400;PEARLS;9996;1;9995;26;;;10004;1;10005;26;;;10000.0;136.0
1;16500;PINA_COLADAS;14981;104;;;;;14984;104;;;;;14982.5;3235.0
1;16500;BANANAS;4863;23;;;;;4869;1;4870;22;;;4866.0;110.2734375
1;16500;PEARLS;9996;1;9995;22;;;10004;1;10005;22;;;10000.0;136.0
1;16500;COCONUTS;7993;59;7992;183;;;7994;56;7995;127;;;7993.5;-1496.5
1;16600;BANANAS;4863;2;4862;27;;;4869;29;;;;;4866.0;108.158203125
1;16600;PEARLS;10002;3;9996;2;9995;27;10004;2;10005;27;;;10003.0;136.0
1;16600;PINA_COLADAS;14982;29;14981;71;;;14984;29;14985;71;;;14983.0;3123.0
1;16600;COCONUTS;7992;169;;;;;7995;169;;;;;7993.5;-1793.5
1;16700;COCONUTS;7992;189;;;;;7995;189;;;;;7993.5;-1815.5
1;16700;PINA_COLADAS;14980;21;14979;67;;;14983;88;;;;;14981.5;3687.0
1;16700;PEARLS;9996;2;9995;30;;;10004;2;10005;30;;;10000.0;142.0
1;16700;BANANAS;4863;32;;;;;4870;32;;;;;4866.5;110.80859375
1;16800;PINA_COLADAS;14982;25;14981;51;;;14984;25;14985;51;;;14983.0;3152.0
1;16800;PEARLS;9996;2;9995;26;;;10002;9;10004;2;10005;26;9999.0;142.0
1;16800;BANANAS;4863;2;4862;26;;;4867;9;4869;28;;;4865.0;114.5400390625
1;16800;COCONUTS;7993;175;;;;;7996;175;;;;;7994.5;-2256.0
1;16900;PINA_COLADAS;14984;21;14983;57;;;14985;32;14987;78;;;14984.5;2526.5
1;16900;PEARLS;10002;1;9995;23;;;10005;23;;;;;10003.5;142.0
1;16900;BANANAS;4862;23;;;;;4869;23;;;;;4865.5;112.8642578125
1;16900;COCONUTS;7995;58;7994;135;;;7997;193;;;;;7996.0;-3096.0
1;17000;PEARLS;10002;5;9998;5;9996;1;10004;1;10005;27;;;10003.0;144.0
1;17000;BANANAS;4863;5;4862;28;;;4869;28;;;;;4866.0;113.2861328125
1;17000;COCONUTS;7995;57;7994;146;;;7997;203;;;;;7996.0;-3143.0
1;17000;PINA_COLADAS;14984;85;;;;;14987;85;;;;;14985.5;2385.5
1;17100;PINA_COLADAS;14982;96;;;;;14985;96;;;;;14983.5;2953.5
1;17100;PEARLS;9996;2;9995;25;;;10004;2;10005;25;;;10000.0;154.0
1;17100;BANANAS;4862;27;;;;;4869;27;;;;;4865.5;113.9775390625
1;17100;COCONUTS;7994;157;;;;;7996;50;7997;107;;;7995.0;-2680.0
1;17200;PINA_COLADAS;14980;92;;;;;14983;92;;;;;14981.5;3673.5
1;17200;PEARLS;10002;1;9996;2;9995;24;10004;2;10005;24;;;10003.0;154.0
1;17200;BANANAS;4861;26;;;;;4868;26;;;;;4864.5;110.6494140625
1;17200;COCONUTS;7994;50;7993;112;;;7996;162;;;;;7995.0;-2539.5
1;17300;PINA_COLADAS;14981;99;;;;;14984;99;;;;;14982.5;3329.0
1;17300;PEARLS;9998;7;9995;29;;;10005;29;;;;;10001.5;156.0
1;17300;BANANAS;4862;7;4861;29;;;4868;29;;;;;4865.0;110.076171875
1;17300;COCONUTS;7995;184;;;;;7996;78;7997;69;7998;115;7995.5;-3235.5
1;17400;PEARLS;9995;21;;;;;10002;10;10005;21;;;9998.5;156.0
1;17400;BANANAS;4861;21;;;;;4866;10;4868;21;;;4863.5;110.7197265625
1;17400;COCONUTS;7993;182;;;;;7995;64;7996;118;;;7994.0;-2132.5
1;17400;PINA_COLADAS;14978;106;;;;;14981;38;14982;68;;;14979.5;4069.5
1;17500;PINA_COLADAS;14978;107;;;;;14981;107;;;;;14979.5;4187.0
1;17500;PEARLS;9996;1;9995;27;;;10004;1;10005;27;;;10000.0;156.0
1;17500;BANANAS;4861;28;;;;;4867;28;;;;;4864.0;108.9091796875
1;17500;COCONUTS;7993;52;7992;149;;;7995;201;;;;;7994.0;-1945.5
1;17600;PINA_COLADAS;14978;25;14977;61;;;14980;25;14981;61;;;14979.0;4345.5
1;17600;PEARLS;9996;1;9995;25;;;10002;3;10004;1;10005;25;9999.0;156.0
1;17600;BANANAS;4861;26;;;;;4866;3;4867;1;4868;25;4863.5;109.41015625
1;17600;COCONUTS;7992;205;;;;;7995;205;;;;;7993.5;-1694.5
1;17700;PINA_COLADAS;14975;71;;;;;14978;71;;;;;14976.5;5021.0
1;17700;PEARLS;9998;4;9996;2;9995;24;10004;2;10005;24;;;10001.0;156.0
1;17700;BANANAS;4862;4;4861;26;;;4868;26;;;;;4865.0;110.298828125
1;17700;COCONUTS;7991;69;7990;139;;;7993;208;;;;;7992.0;-753.0
1;17800;BANANAS;4862;23;;;;;4866;7;4868;23;;;4864.0;112.09375
1;17800;COCONUTS;7990;80;7989;120;;;7992;200;;;;;7991.0;-207.5
1;17800;PEARLS;9995;23;;;;;10002;6;10005;23;;;9998.5;156.0
1;17800;PINA_COLADAS;14974;23;14973;66;;;14977;89;;;;;14975.5;5443.5
1;17900;BANANAS;4866;1;4861;22;;;4868;22;;;;;4867.0;110.4736328125
1;17900;PINA_COLADAS;14976;84;;;;;14979;84;;;;;14977.5;4782.0
1;17900;PEARLS;9995;22;;;;;10005;22;;;;;10000.0;156.0
1;17900;COCONUTS;7990;199;;;;;7993;199;;;;;7991.5;-681.0
1;18000;PINA_COLADAS;14977;97;;;;;14980;97;;;;;14978.5;4475.0
1;18000;BANANAS;4867;1;4866;10;4862;10;4868;25;;;;;4867.5;112.259765625
1;18000;PEARLS;9998;10;9996;2;9995;23;10004;2;10005;23;;;10001.0;156.0
1;18000;COCONUTS;7991;190;;;;;7994;190;;;;;7992.5;-1037.5
1;18100;BANANAS;4861;31;;;;;4868;31;;;;;4864.5;129.34375
1;18100;PINA_COLADAS;14975;91;;;;;14978;91;;;;;14976.5;4980.0
1;18100;PEARLS;10000;6;9996;1;9995;30;10004;1;10005;30;;;10002.0;156.0
1;18100;COCONUTS;7990;170;;;;;7993;170;;;;;7991.5;-424.5
1;18200;BANANAS;4863;10;4862;28;;;4868;28;;;;;4865.5;124.75390625
1;18200;PEARLS;9998;10;9995;28;;;10005;28;;;;;10001.5;156.0
1;18200;COCONUTS;7990;200;;;;;7993;200;;;;;7991.5;-722.0
1;18200;PINA_COLADAS;14976;82;;;;;14979;82;;;;;14977.5;4798.5
1;18300;BANANAS;4863;9;4862;30;;;4869;30;;;;;4866.0;122.08203125
1;18300;PINA_COLADAS;14975;96;;;;;14978;96;;;;;14976.5;5062.0
1;18300;PEARLS;9998;9;9996;2;9995;28;10004;2;10005;28;;;10001.0;156.0
1;18300;COCONUTS;7991;46;7990;106;;;7993;152;;;;;7992.0;-820.0
1;18400;PINA_COLADAS;14978;87;;;;;14981;87;;;;;14979.5;4130.5
1;18400;BANANAS;4862;22;;;;;4869;22;;;;;4865.5;119.22265625
1;18400;PEARLS;9995;22;;;;;10005;22;;;;;10000.0;156.0
1;18400;COCONUTS;7991;221;;;;;7994;221;;;;;7992.5;-1285.0
1;18500;BANANAS;4862;26;;;;;4869;26;;;;;4865.5;121.70703125
1;18500;PINA_COLADAS;14979;102;;;;;14982;102;;;;;14980.5;3945.5
1;18500;PEARLS;9996;1;9995;25;;;10004;1;10005;25;;;10000.0;156.0
1;18500;COCONUTS;7992;206;;;;;7995;206;;;;;7993.5;-1604.5
1;18600;PEARLS;9996;2;9995;25;;;10004;2;10005;25;;;10000.0;156.0
1;18600;COCONUTS;7993;171;;;;;7995;42;7996;129;;;7994.0;-2121.5
1;18600;BANANAS;4863;1;4862;25;;;4869;27;;;;;4866.0;117.47265625
1;18600;PINA_COLADAS;14980;100;;;;;14983;100;;;;;14981.5;3663.0
1;18700;BANANAS;4868;1;4863;7;4862;20;4869;20;;;;;4868.5;116.7734375
1;18700;PINA_COLADAS;14980;79;;;;;14983;79;;;;;14981.5;3674.5
1;18700;PEARLS;9998;7;9995;20;;;10005;20;;;;;10001.5;156.0
1;18700;COCONUTS;7992;178;;;;;7995;178;;;;;7993.5;-1630.0
1;18800;PINA_COLADAS;14979;39;14978;54;;;14982;93;;;;;14980.5;3995.5
1;18800;PEARLS;9996;2;9995;29;;;10004;2;10005;29;;;10000.0;156.0
1;18800;COCONUTS;7991;191;;;;;7994;191;;;;;7992.5;-1075.5
1;18800;BANANAS;4862;31;;;;;4868;31;;;;;4865.0;127.40625
1;18900;BANANAS;4867;1;4862;1;4861;30;4868;31;;;;;4867.5;130.32421875
1;18900;PEARLS;9996;1;9995;30;;;10004;1;10005;30;;;10000.0;156.0
1;18900;COCONUTS;7990;188;;;;;7993;188;;;;;7991.5;-606.0
1;18900;PINA_COLADAS;14977;107;;;;;14980;107;;;;;14978.5;4505.5
1;19000;COCONUTS;7991;53;7990;108;;;7993;161;;;;;7992.0;-730.0
1;19000;PEARLS;9996;1;9995;27;;;10004;1;10005;27;;;10000.0;156.0
1;19000;BANANAS;4867;1;4862;28;;;4868;28;;;;;4867.5;129.3515625
1;19000;PINA_COLADAS;14977;97;;;;;14980;97;;;;;14978.5;4448.0
1;19100;BANANAS;4862;30;;;;;4869;30;;;;;4865.5;127.8828125
1;19100;COCONUTS;7992;54;7991;135;;;7994;189;;;;;7993.0;-1381.5
1;19100;PEARLS;9996;1;9995;29;;;10004;1;10005;29;;;10000.0;156.0
1;19100;PINA_COLADAS;14978;86;;;;;14981;86;;;;;14979.5;4185.5
1;19200;PINA_COLADAS;14979;85;;;;;14982;85;;;;;14980.5;3938.5
1;19200;COCONUTS;7992;186;;;;;7995;186;;;;;7993.5;-1799.5
1;19200;PEARLS;9996;1;9995;23;;;10002;5;10004;1;10005;23;9999.0;156.0
1;19200;BANANAS;4862;24;;;;;4867;5;4869;24;;;4864.5;127.125
1;19300;BANANAS;4863;4;4862;24;;;4868;2;4869;22;;;4865.5;129.96875
1;19300;COCONUTS;7991;196;;;;;7994;196;;;;;7992.5;-1108.0
1;19300;PEARLS;9998;4;9996;2;9995;22;10004;2;10005;22;;;10001.0;156.0
1;19300;PINA_COLADAS;14976;79;;;;;14979;28;14980;51;;;14977.5;4670.0
1;19400;COCONUTS;7992;208;;;;;7995;208;;;;;7993.5;-1599.0
1;19400;PEARLS;9995;24;;;;;10005;24;;;;;10000.0;156.0
1;19400;BANANAS;4862;23;;;;;4868;24;;;;;4865.0;131.1328125
1;19400;PINA_COLADAS;14977;107;;;;;14980;107;;;;;14978.5;4394.0
1;19500;BANANAS;4863;8;4862;24;;;4868;1;4869;23;;;4865.5;129.78125
1;19500;COCONUTS;7990;188;;;;;7992;69;7993;119;;;7991.0;-358.5
1;19500;PEARLS;9998;8;9996;1;9995;23;10004;1;10005;23;;;10001.0;156.0
1;19500;PINA_COLADAS;14972;85;;;;;14975;85;;;;;14973.5;6004.5
1;19600;PINA_COLADAS;14968;20;14967;67;;;14970;20;14971;67;;;14969.0;7239.5
1;19600;COCONUTS;7989;185;;;;;7992;185;;;;;7990.5;14.5
1;19600;PEARLS;9996;2;9995;26;;;10004;2;10005;26;;;10000.0;156.0
1;19600;BANANAS;4862;28;;;;;4869;28;;;;;4865.5;129.35546875
1;19700;BANANAS;4862;26;;;;;4869;27;;;;;4865.5;130.640625
1;19700;COCONUTS;7990;207;;;;;7993;207;;;;;7991.5;-621.5
1;19700;PEARLS;9996;2;9995;25;;;10004;2;10005;25;;;10000.0;156.0
1;19700;PINA_COLADAS;14969;84;;;;;14972;84;;;;;14970.5;6733.0
1;19800;COCONUTS;7990;44;7989;110;;;7992;154;;;;;7991.0;-205.5
1;19800;PEARLS;9998;6;9995;29;;;10005;29;;;;;10001.5;156.0
1;19800;BANANAS;4863;6;4862;29;;;4868;29;;;;;4865.5;134.3203125
1;19800;PINA_COLADAS;14967;96;;;;;14970;96;;;;;14968.5;7340.5
1;19900;BANANAS;4862;2;4861;26;;;4868;28;;;;;4865.0;136.9609375
1;19900;COCONUTS;7990;220;;;;;7992;80;7993;140;;;7991.0;-330.0
1;19900;PEARLS;9996;2;9995;26;;;10004;2;10005;26;;;10000.0;156.0
1;19900;PINA_COLADAS;14970;27;14969;62;;;14973;89;;;;;14971.5;6622.0
1;20000;PINA_COLADAS;14968;84;;;;;14971;84;;;;;14969.5;7062.0
1;20000;COCONUTS;7988;171;;;;;7991;171;;;;;7989.5;660.5
1;20000;PEARLS;9996;2;9995;21;;;10004;2;10005;21;;;10000.0;156.0
1;20000;BANANAS;4867;1;4862;23;;;4868;23;;;;;4867.5;133.60546875
1;20100;PEARLS;9996;2;9995;30;;;10004;2;10005;30;;;10000.0;156.0
1;20100;BANANAS;4862;32;;;;;4868;32;;;;;4865.0;135.859375
1;20100;PINA_COLADAS;14969;101;;;;;14970;40;14972;40;14973;61;14969.5;6702.0
1;20100;COCONUTS;7991;16;7989;167;;;7992;167;;;;;7991.5;120.0
1;20200;COCONUTS;7989;174;;;;;7992;174;;;;;7990.5;74.5
1;20200;PEARLS;9995;26;;;;;10005;26;;;;;10000.0;156.0
1;20200;BANANAS;4861;26;;;;;4868;26;;;;;4864.5;141.7421875
1;20200;PINA_COLADAS;14968;107;;;;;14971;107;;;;;14969.5;7051.5
1;20300;PEARLS;9996;1;9995;26;;;9998;1;10004;1;10005;26;9997.0;156.0
1;20300;BANANAS;4860;26;;;;;4867;27;;;;;4863.5;148.05859375
1;20300;PINA_COLADAS;14966;71;;;;;14969;71;;;;;14967.5;7678.0
1;20300;COCONUTS;7989;46;7988;111;;;7991;157;;;;;7990.0;452.0
1;20400;PINA_COLADAS;14968;38;14967;68;;;14971;106;;;;;14969.5;7218.0
1;20400;COCONUTS;7989;209;;;;;7992;209;;;;;7990.5;-30.5
1;20400;PEARLS;9995;27;;;;;9998;4;10005;27;;;9996.5;158.0
1;20400;BANANAS;4861;27;;;;;4867;27;;;;;4864.0;146.15234375
1;20500;PEARLS;9995;28;;;;;10005;28;;;;;10000.0;171.0
1;20500;BANANAS;4860;28;;;;;4867;28;;;;;4863.5;149.98046875
1;20500;PINA_COLADAS;14968;105;;;;;14971;105;;;;;14969.5;7121.0
1;20500;COCONUTS;7990;163;;;;;7992;43;7993;120;;;7991.0;-352.5
1;20600;COCONUTS;7990;167;;;;;7993;167;;;;;7991.5;-419.5
1;20600;PEARLS;9996;1;9995;25;;;9998;1;10004;1;10005;25;9997.0;171.0
1;20600;BANANAS;4860;26;;;;;4866;1;4867;25;;;4863.0;154.4921875
1;20600;PINA_COLADAS;14971;90;;;;;14974;90;;;;;14972.5;6204.0
1;20700;PEARLS;9996;1;9995;20;;;9998;1;10002;4;10004;1;9997.0;173.0
1;20700;BANANAS;4860;21;;;;;4865;4;4866;1;4867;20;4862.5;154.46484375
1;20700;PINA_COLADAS;14971;95;;;;;14974;95;;;;;14972.5;6307.0
1;20700;COCONUTS;7990;152;;;;;7993;152;;;;;7991.5;-558.5
1;20800;PINA_COLADAS;14967;81;;;;;14970;81;;;;;14968.5;7479.0
1;20800;COCONUTS;7989;167;;;;;7992;167;;;;;7990.5;135.0
1;20800;BANANAS;4860;1;4859;23;;;4866;24;;;;;4863.0;160.1015625
1;20800;PEARLS;9996;1;9995;23;;;10004;1;10005;23;;;10000.0;175.0
1;20900;BANANAS;4860;21;;;;;4866;21;;;;;4863.0;157.92578125
1;20900;PEARLS;9996;1;9995;20;;;9998;1;10004;1;10005;20;9997.0;175.0
1;20900;PINA_COLADAS;14964;92;;;;;14967;92;;;;;14965.5;8228.0
1;20900;COCONUTS;7989;192;;;;;7992;192;;;;;7990.5;-1.0
1;21000;COCONUTS;7987;167;;;;;7990;167;;;;;7988.5;1112.0
1;21000;BANANAS;4860;23;;;;;4861;4;4866;2;4867;21;4860.5;155.6484375
1;21000;PEARLS;9996;2;9995;21;;;10004;2;10005;21;;;10000.0;175.0
1;21000;PINA_COLADAS;14961;96;;;;;14964;96;;;;;14962.5;9081.5
1;21100;BANANAS;4860;27;;;;;4866;27;;;;;4863.0;166.53515625
1;21100;PEARLS;10002;2;9996;1;9995;26;10004;1;10005;26;;;10003.0;175.0
1;21100;COCONUTS;7989;210;;;;;7992;210;;;;;7990.5;99.0
1;21100;PINA_COLADAS;14966;101;;;;;14969;101;;;;;14967.5;7608.0
1;21200;PINA_COLADAS;14967;91;;;;;14970;39;14971;52;;;14968.5;7292.0
1;21200;COCONUTS;7990;200;;;;;7993;200;;;;;7991.5;-581.0
1;21200;PEARLS;9996;1;9995;25;;;10002;5;10004;1;10005;25;9999.0;179.0
1;21200;BANANAS;4860;1;4859;25;;;4864;5;4866;26;;;4862.0;167.4921875
1;21300;PEARLS;9995;30;;;;;10005;30;;;;;10000.0;179.0
1;21300;BANANAS;4865;1;4859;30;;;4866;30;;;;;4865.5;168.375
1;21300;COCONUTS;7990;195;;;;;7993;195;;;;;7991.5;-416.5
1;21300;PINA_COLADAS;14970;90;;;;;14973;90;;;;;14971.5;6586.5
1;21400;PEARLS;9996;2;9995;24;;;10002;4;10004;2;10005;24;9999.0;179.0
1;21400;BANANAS;4859;26;;;;;4864;7;4866;26;;;4861.5;171.3046875
1;21400;COCONUTS;7990;186;;;;;7993;186;;;;;7991.5;-587.5
1;21400;PINA_COLADAS;14972;94;;;;;14975;94;;;;;14973.5;6022.0
1;21500;PEARLS;9995;29;;;;;9998;1;10005;29;;;9996.5;179.0
1;21500;BANANAS;4859;29;;;;;4866;29;;;;;4862.5;171.140625
1;21500;COCONUTS;7989;46;7988;128;;;7991;174;;;;;7990.0;352.5
1;21500;PINA_COLADAS;14967;97;;;;;14970;32;14971;65;;;14968.5;7287.5
1;21600;PINA_COLADAS;14969;81;;;;;14972;81;;;;;14970.5;6838.5
1;21600;PEARLS;9996;1;9995;27;;;10004;1;10005;27;;;10000.0;181.0
1;21600;BANANAS;4859;28;;;;;4861;4;4866;28;;;4860.0;170.6640625
1;21600;COCONUTS;7989;216;;;;;7992;216;;;;;7990.5;141.0
1;21700;PEARLS;9995;27;;;;;10005;27;;;;;10000.0;181.0
1;21700;BANANAS;4865;1;4859;27;;;4866;27;;;;;4865.5;177.625
1;21700;COCONUTS;7989;196;;;;;7992;196;;;;;7990.5;162.0
1;21700;PINA_COLADAS;14969;98;;;;;14972;98;;;;;14970.5;6730.5
1;21800;PEARLS;9996;2;9995;23;;;10004;2;10005;23;;;10000.0;181.0
1;21800;BANANAS;4859;25;;;;;4866;25;;;;;4862.5;179.970703125
1;21800;COCONUTS;7989;49;7988;130;;;7991;179;;;;;7990.0;439.5
1;21800;PINA_COLADAS;14967;111;;;;;14970;37;14971;74;;;14968.5;7298.0
1;21900;PEARLS;9996;1;9995;29;;;10004;1;10005;29;;;10000.0;181.0
1;21900;BANANAS;4859;30;;;;;4866;30;;;;;4862.5;180.18359375
1;21900;COCONUTS;7988;76;7987;144;;;7990;220;;;;;7989.0;964.0
1;21900;PINA_COLADAS;14967;35;14966;66;;;14969;35;14970;66;;;14968.0;7555.0
1;22000;PINA_COLADAS;14964;92;;;;;14967;33;14968;59;;;14965.5;8172.0
1;22000;PEARLS;9996;2;9995;27;;;10004;2;10005;27;;;10000.0;181.0
1;22000;BANANAS;4860;29;;;;;4866;2;4867;27;;;4863.0;177.16015625
1;22000;COCONUTS;7987;173;;;;;7990;173;;;;;7988.5;1205.5
1;22100;PEARLS;9996;1;9995;29;;;10004;1;10005;29;;;10000.0;181.0
1;22100;BANANAS;4860;30;;;;;4866;1;4867;29;;;4863.0;177.462890625
1;22100;COCONUTS;7987;221;;;;;7989;79;7990;142;;;7988.0;1426.5
1;22100;PINA_COLADAS;14964;31;14963;67;;;14966;31;14967;67;;;14965.0;8402.5
1;22200;PEARLS;9996;1;9995;28;;;10004;1;10005;28;;;10000.0;181.0
1;22200;BANANAS;4860;29;;;;;4867;29;;;;;4863.5;175.615234375
1;22200;COCONUTS;7987;2;7986;143;;;7989;191;;;;;7988.0;1542.5
1;22200;PINA_COLADAS;14964;20;14963;67;;;14967;87;;;;;14965.5;8394.0
1;22300;PINA_COLADAS;14964;93;;;;;14967;93;;;;;14965.5;8261.5
1;22300;BANANAS;4860;28;;;;;4867;28;;;;;4863.5;174.91796875
1;22300;COCONUTS;7987;213;;;;;7990;213;;;;;7988.5;1127.0
1;22300;PEARLS;9995;28;;;;;10005;28;;;;;10000.0;181.0
1;22400;BANANAS;4860;26;;;;;4867;26;;;;;4863.5;175.697265625
1;22400;PINA_COLADAS;14963;87;;;;;14966;87;;;;;14964.5;8590.5
1;22400;PEARLS;9995;26;;;;;10005;26;;;;;10000.0;181.0
1;22400;COCONUTS;7987;217;;;;;7990;217;;;;;7988.5;1334.0
1;22500;BANANAS;4860;27;;;;;4867;27;;;;;4863.5;174.6953125
1;22500;PEARLS;9995;27;;;;;10005;27;;;;;10000.0;181.0
1;22500;COCONUTS;7986;206;;;;;7988;70;7989;136;;;7987.0;1989.5
1;22500;PINA_COLADAS;14962;75;;;;;14965;75;;;;;14963.5;8797.5
1;22600;BANANAS;4860;28;;;;;4863;5;4867;28;;;4861.5;175.171875
1;22600;PINA_COLADAS;14958;32;14957;87;;;14960;34;14961;53;;;14959.0;10214.0
1;22600;PEARLS;9995;28;;;;;10005;28;;;;;10000.0;181.0
1;22600;COCONUTS;7984;147;;;;;7987;147;;;;;7985.5;3004.0
1;22700;PINA_COLADAS;14957;71;;;;;14960;71;;;;;14958.5;10328.5
1;22700;BANANAS;4860;30;;;;;4867;30;;;;;4863.5;173.73046875
1;22700;PEARLS;9995;30;;;;;10005;30;;;;;10000.0;181.0
1;22700;COCONUTS;7984;221;;;;;7987;221;;;;;7985.5;3064.0
1;22800;BANANAS;4861;2;4860;25;;;4867;27;;;;;4864.0;174.55859375
1;22800;PINA_COLADAS;14961;29;14960;71;;;14963;29;14964;71;;;14962.0;9320.5
1;22800;PEARLS;9996;2;9995;25;;;10004;2;10005;25;;;10000.0;181.0
1;22800;COCONUTS;7985;180;;;;;7988;180;;;;;7986.5;2557.5
1;22900;BANANAS;4861;2;4860;26;;;4863;1;4867;28;;;4862.0;174.505859375
1;22900;PEARLS;9996;2;9995;26;;;10004;2;10005;26;;;10000.0;181.0
1;22900;COCONUTS;7985;184;;;;;7988;184;;;;;7986.5;2278.5
1;22900;PINA_COLADAS;14962;96;;;;;14965;96;;;;;14963.5;8940.5
1;23000;PINA_COLADAS;14961;31;14960;91;;;14963;91;;;;;14962.0;9452.0
1;23000;PEARLS;9996;1;9995;22;;;10004;1;10005;22;;;10000.0;181.0
1;23000;COCONUTS;7986;78;7985;114;;;7988;192;;;;;7987.0;2144.0
1;23000;BANANAS;4860;23;;;;;4867;23;;;;;4863.5;175.75
1;23100;PINA_COLADAS;14955;111;;;;;14958;111;;;;;14956.5;10853.0
1;23100;BANANAS;4860;29;;;;;4866;29;;;;;4863.0;177.84765625
1;23100;PEARLS;9995;29;;;;;10005;29;;;;;10000.0;181.0
1;23100;COCONUTS;7985;166;;;;;7988;166;;;;;7986.5;2377.5
1;23200;BANANAS;4860;29;;;;;4866;2;4867;27;;;4863.0;176.439453125
1;23200;PINA_COLADAS;14957;21;14956;54;;;14959;21;14960;54;;;14958.0;10488.5
1;23200;PEARLS;9996;2;9995;27;;;10004;2;10005;27;;;10000.0;181.0
1;23200;COCONUTS;7985;148;;;;;7988;148;;;;;7986.5;2268.5
1;23300;PEARLS;9996;2;9995;26;;;10004;2;10005;26;;;10000.0;181.0
1;23300;COCONUTS;7986;230;;;;;7989;230;;;;;7987.5;1842.5
1;23300;PINA_COLADAS;14957;86;;;;;14960;86;;;;;14958.5;10275.0
1;23300;BANANAS;4860;28;;;;;4861;1;4866;28;;;4860.5;177.64453125
1;23400;PEARLS;9996;2;9995;28;;;10004;2;10005;28;;;10000.0;181.0
1;23400;COCONUTS;7986;175;;;;;7988;44;7989;131;;;7987.0;2025.0
1;23400;PINA_COLADAS;14955;40;14954;70;;;14958;110;;;;;14956.5;11015.5
1;23400;BANANAS;4860;30;;;;;4861;11;4867;30;;;4860.5;178.396484375
1;23500;PINA_COLADAS;14953;110;;;;;14956;110;;;;;14954.5;11488.5
1;23500;BANANAS;4861;9;4860;29;;;4867;29;;;;;4864.0;206.0
1;23500;COCONUTS;7986;203;;;;;7988;74;7989;129;;;7987.0;2016.5
1;23500;PEARLS;9998;9;9996;1;9995;28;10004;1;10005;28;;;10001.0;181.0
1;23600;BANANAS;4861;1;4860;21;;;4865;4;4867;22;;;4863.0;207.5703125
1;23600;COCONUTS;7985;187;;;;;7988;187;;;;;7986.5;2333.5
1;23600;PEARLS;9996;1;9995;21;;;10002;1;10004;1;10005;21;9999.0;181.0
1;23600;PINA_COLADAS;14951;95;;;;;14954;95;;;;;14952.5;12168.0
1;23700;COCONUTS;7984;189;;;;;7987;189;;;;;7985.5;2830.5
1;23700;PEARLS;9996;2;9995;30;;;10004;2;10005;30;;;10000.0;181.0
1;23700;PINA_COLADAS;14950;34;14949;73;;;14952;34;14953;73;;;14951.0;12537.0
1;23700;BANANAS;4861;32;;;;;4867;32;;;;;4864.0;209.5625
1;23800;COCONUTS;7984;75;7983;109;;;7986;184;;;;;7985.0;3388.0
1;23800;PEARLS;10002;1;9996;1;9995;27;10004;1;10005;27;;;10003.0;181.0
1;23800;PINA_COLADAS;14947;91;;;;;14950;91;;;;;14948.5;13265.5
1;23800;BANANAS;4862;28;;;;;4868;1;4869;27;;;4865.0;217.685546875
1;23900;PINA_COLADAS;14945;33;14944;70;;;14947;33;14948;70;;;14946.0;13965.0
1;23900;BANANAS;4862;31;;;;;4869;31;;;;;4865.5;219.87890625
1;23900;COCONUTS;7982;195;;;;;7985;195;;;;;7983.5;4156.5
1;23900;PEARLS;9996;2;9995;29;;;10004;2;10005;29;;;10000.0;183.0
1;24000;BANANAS;4865;6;4862;24;;;4868;1;4869;23;;;4866.5;218.578125
1;24000;COCONUTS;7984;161;;;;;7986;59;7987;102;;;7985.0;3255.0
1;24000;PEARLS;10000;2;9996;1;9995;23;10004;1;10005;23;;;10002.0;183.0
1;24000;PINA_COLADAS;14949;96;;;;;14952;96;;;;;14950.5;12720.0
1;24100;COCONUTS;7983;185;;;;;7986;185;;;;;7984.5;3543.0
1;24100;PEARLS;9995;23;;;;;10005;23;;;;;10000.0;183.0
1;24100;PINA_COLADAS;14949;94;;;;;14952;94;;;;;14950.5;12602.5
1;24100;BANANAS;4861;23;;;;;4868;23;;;;;4864.5;216.419921875
1;24200;COCONUTS;7985;29;7984;126;;;7987;199;;;;;7986.0;2765.5
1;24200;PEARLS;9998;9;9996;2;9995;30;10004;2;10005;30;;;10001.0;183.0
1;24200;PINA_COLADAS;14949;84;;;;;14952;84;;;;;14950.5;12624.5
1;24200;BANANAS;4863;9;4862;32;;;4869;32;;;;;4866.0;219.68359375
1;24300;PINA_COLADAS;14945;89;;;;;14948;89;;;;;14946.5;13920.0
1;24300;BANANAS;4862;32;;;;;4868;32;;;;;4865.0;217.12890625
1;24300;COCONUTS;7983;71;7982;114;;;7985;185;;;;;7984.0;3927.5
1;24300;PEARLS;9996;2;9995;30;;;10004;2;10005;30;;;10000.0;183.0
1;24400;BANANAS;4862;7;4861;22;;;4868;22;;;;;4865.0;214.0390625
1;24400;COCONUTS;7982;160;;;;;7984;41;7985;119;;;7983.0;4352.5
1;24400;PINA_COLADAS;14944;31;14943;74;;;14947;105;;;;;14945.5;14232.0
1;24400;PEARLS;9998;6;9996;2;9995;20;10004;2;10005;20;;;10001.0;183.0
1;24500;COCONUTS;7983;56;7982;125;;;7985;181;;;;;7984.0;3963.0
1;24500;PINA_COLADAS;14947;34;14946;60;;;14949;34;14950;60;;;14948.0;13393.5
1;24500;PEARLS;9995;24;;;;;10002;5;10005;24;;;9998.5;183.0
1;24500;BANANAS;4861;24;;;;;4865;5;4867;24;;;4863.0;210.5546875
1;24600;PINA_COLADAS;14949;106;;;;;14952;106;;;;;14950.5;12694.0
1;24600;COCONUTS;7983;202;;;;;7985;72;7986;130;;;7984.0;3828.5
1;24600;PEARLS;9996;2;9995;23;;;10002;4;10004;2;10005;23;9999.0;183.0
1;24600;BANANAS;4862;2;4861;23;;;4863;3;4866;4;4868;25;4862.5;215.423828125
1;24700;PINA_COLADAS;14950;83;;;;;14953;27;14954;56;;;14951.5;12286.0
1;24700;PEARLS;9998;10;9995;22;;;10005;22;;;;;10001.5;183.0
1;24700;BANANAS;4866;1;4863;10;4862;22;4869;22;;;;;4867.5;226.0625
1;24700;COCONUTS;7983;187;;;;;7985;59;7986;128;;;7984.0;3779.0
1;24800;PEARLS;9996;1;9995;20;;;10004;1;10005;20;;;10000.0;183.0
1;24800;BANANAS;4862;21;;;;;4864;2;4869;21;;;4863.0;229.03515625
1;24800;PINA_COLADAS;14950;84;;;;;14953;84;;;;;14951.5;12346.0
1;24800;COCONUTS;7983;171;;;;;7986;171;;;;;7984.5;3465.5
1;24900;COCONUTS;7982;192;;;;;7984;43;7985;149;;;7983.0;4387.0
1;24900;PINA_COLADAS;14950;35;14949;59;;;14952;35;14953;59;;;14951.0;12523.5
1;24900;PEARLS;9996;2;9995;28;;;10004;2;10005;28;;;10000.0;183.0
1;24900;BANANAS;4863;30;;;;;4869;2;4870;28;;;4866.0;234.76953125
1;25000;PINA_COLADAS;14949;74;;;;;14952;74;;;;;14950.5;12596.5
1;25000;COCONUTS;7981;204;;;;;7984;204;;;;;7982.5;4704.5
1;25000;PEARLS;9998;2;9996;2;9995;25;10004;2;10005;25;;;10001.0;183.0
1;25000;BANANAS;4863;29;;;;;4869;27;;;;;4866.0;231.3828125
1;25100;PINA_COLADAS;14950;87;;;;;14951;36;14953;87;;;14950.5;12412.5
1;25100;PEARLS;9996;1;9995;30;;;10004;1;10005;30;;;10000.0;183.0
1;25100;BANANAS;4863;31;;;;;4869;1;4870;30;;;4866.0;234.7421875
1;25100;COCONUTS;7982;166;;;;;7984;45;7985;121;;;7983.0;4380.0
1;25200;BANANAS;4868;5;4864;2;4863;24;4870;26;;;;;4869.0;239.44921875
1;25200;PEARLS;9996;2;9995;24;;;10002;5;10004;2;10005;24;9999.0;183.0
1;25200;PINA_COLADAS;14950;98;;;;;14953;98;;;;;14951.5;12458.0
1;25200;COCONUTS;7982;179;;;;;7985;179;;;;;7983.5;4262.0
1;25300;COCONUTS;7983;64;7982;149;;;7985;213;;;;;7984.0;3915.0
1;25300;PINA_COLADAS;14949;24;14948;71;;;14951;24;14952;71;;;14950.0;12827.5
1;25300;BANANAS;4864;28;;;;;4871;28;;;;;4867.5;246.9296875
1;25300;PEARLS;9995;28;;;;;9998;1;10005;28;;;9996.5;183.0
1;25400;PINA_COLADAS;14948;28;14947;57;;;14950;28;14951;57;;;14949.0;13138.0
1;25400;COCONUTS;7983;214;;;;;7986;214;;;;;7984.5;3438.0
1;25400;BANANAS;4865;2;4864;28;;;4871;30;;;;;4868.0;248.9609375
1;25400;PEARLS;9996;2;9995;28;;;10004;2;10005;28;;;10000.0;185.0
1;25500;PINA_COLADAS;14948;87;;;;;14951;87;;;;;14949.5;12878.0
1;25500;BANANAS;4865;5;4864;22;;;4871;23;;;;;4868.0;249.283203125
1;25500;PEARLS;9998;1;9996;1;9995;22;10004;1;10005;22;;;10001.0;185.0
1;25500;COCONUTS;7984;163;;;;;7986;62;7987;101;;;7985.0;3200.5
1;25600;PEARLS;9996;1;9995;24;;;10002;1;10004;1;10005;24;9999.0;185.0
1;25600;BANANAS;4865;25;;;;;4870;1;4871;1;4872;24;4867.5;250.677734375
1;25600;COCONUTS;7984;201;;;;;7987;201;;;;;7985.5;3041.5
1;25600;PINA_COLADAS;14947;98;;;;;14950;33;14951;65;;;14948.5;13168.0
1;25700;PINA_COLADAS;14948;79;;;;;14951;79;;;;;14949.5;12902.0
1;25700;PEARLS;9996;1;9995;21;;;10004;1;10005;21;;;10000.0;185.0
1;25700;BANANAS;4865;22;;;;;4871;22;;;;;4868.0;250.0546875
1;25700;COCONUTS;7985;177;;;;;7988;177;;;;;7986.5;2430.0
1;25800;PINA_COLADAS;14947;97;;;;;14950;28;14951;69;;;14948.5;13169.0
1;25800;PEARLS;9998;1;9995;20;;;10005;20;;;;;10001.5;185.0
1;25800;BANANAS;4866;1;4865;20;;;4872;20;;;;;4869.0;251.23046875
1;25800;COCONUTS;7984;199;;;;;7987;199;;;;;7985.5;2845.0
1;25900;PINA_COLADAS;14947;87;;;;;14950;87;;;;;14948.5;13250.5
1;25900;PEARLS;10002;2;9995;30;;;10005;30;;;;;10003.5;185.0
1;25900;BANANAS;4864;30;;;;;4871;30;;;;;4867.5;249.671875
1;25900;COCONUTS;7984;196;;;;;7987;196;;;;;7985.5;3056.5
1;26000;PEARLS;9996;1;9995;21;;;9998;1;10004;1;10005;21;9997.0;189.0
1;26000;BANANAS;4865;1;4864;21;;;4871;22;;;;;4868.0;249.197265625
1;26000;COCONUTS;7983;207;;;;;7986;207;;;;;7984.5;3522.5
1;26000;PINA_COLADAS;14945;84;;;;;14948;84;;;;;14946.5;13850.0
1;26100;PINA_COLADAS;14945;100;;;;;14948;100;;;;;14946.5;13758.0
1;26100;PEARLS;9996;1;9995;28;;;10004;1;10005;28;;;10000.0;191.0
1;26100;BANANAS;4865;28;;;;;4871;1;4872;28;;;4868.0;250.8671875
1;26100;COCONUTS;7984;198;;;;;7987;198;;;;;7985.5;3160.5
1;26200;PINA_COLADAS;14943;101;;;;;14944;24;14946;101;;;14943.5;14345.5
1;26200;PEARLS;9998;2;9996;2;9995;30;10004;2;10005;30;;;10001.0;191.0
1;26200;BANANAS;4869;3;4865;4;4864;30;4871;32;;;;;4870.0;249.544921875
1;26200;COCONUTS;7983;206;;;;;7986;206;;;;;7984.5;3721.0
1;26300;PINA_COLADAS;14944;94;;;;;14947;94;;;;;14945.5;14187.0
1;26300;PEARLS;9996;1;9995;22;;;10002;8;10004;1;10005;22;9999.0;191.0
1;26300;BANANAS;4865;23;;;;;4870;8;4871;23;;;4867.5;253.06201171875
1;26300;COCONUTS;7983;46;7982;127;;;7985;173;;;;;7984.0;3902.0
1;26400;PEARLS;9996;1;9995;23;;;10004;1;10005;23;;;10000.0;191.0
1;26400;BANANAS;4865;24;;;;;4872;24;;;;;4868.5;253.36669921875
1;26400;COCONUTS;7985;177;;;;;7986;49;7987;77;7988;100;7985.5;2622.5
1;26400;PINA_COLADAS;14947;101;;;;;14950;101;;;;;14948.5;13318.5
1;26500;PINA_COLADAS;14950;112;;;;;14953;112;;;;;14951.5;12348.0
1;26500;PEARLS;9996;2;9995;27;;;10002;3;10004;2;10005;27;9999.0;191.0
1;26500;BANANAS;4866;2;4865;27;;;4870;3;4872;29;;;4868.0;253.724609375
1;26500;COCONUTS;7985;190;;;;;7988;190;;;;;7986.5;2272.0
1;26600;PINA_COLADAS;14952;103;;;;;14955;103;;;;;14953.5;11827.5
1;26600;PEARLS;9996;1;9995;27;;;10004;1;10005;27;;;10000.0;191.0
1;26600;BANANAS;4865;28;;;;;4871;1;4872;27;;;4868.0;253.318359375
1;26600;COCONUTS;7986;181;;;;;7989;181;;;;;7987.5;1679.5
1;26700;BANANAS;4867;24;;;;;4873;24;;;;;4870.0;255.02734375
1;26700;COCONUTS;7987;208;;;;;7990;208;;;;;7988.5;1156.0
1;26700;PINA_COLADAS;14956;106;;;;;14957;24;14959;106;;;14956.5;10693.5
1;26700;PEARLS;9995;24;;;;;10005;24;;;;;10000.0;191.0
1;26800;BANANAS;4872;1;4867;26;;;4873;2;4874;24;;;4872.5;255.169921875
1;26800;PEARLS;9996;2;9995;24;;;10004;2;10005;24;;;10000.0;191.0
1;26800;COCONUTS;7988;79;7987;138;;;7990;217;;;;;7989.0;955.0
1;26800;PINA_COLADAS;14955;28;14954;74;;;14957;28;14958;74;;;14956.0;11071.5
1;26900;BANANAS;4866;30;;;;;4873;30;;;;;4869.5;257.0
1;26900;PINA_COLADAS;14953;96;;;;;14956;96;;;;;14954.5;11470.5
1;26900;PEARLS;9995;30;;;;;9998;1;10005;30;;;9996.5;191.0
1;26900;COCONUTS;7988;181;;;;;7990;50;7991;131;;;7989.0;903.0
1;27000;PINA_COLADAS;14951;107;;;;;14954;107;;;;;14952.5;12015.5
1;27000;BANANAS;4867;1;4866;26;;;4873;27;;;;;4870.0;257.0
1;27000;PEARLS;9996;1;9995;26;;;10004;1;10005;26;;;10000.0;193.0
1;27000;COCONUTS;7988;58;7987;147;;;7990;205;;;;;7989.0;998.5
1;27100;BANANAS;4866;22;;;;;4872;1;4873;21;;;4869.0;257.0
1;27100;PINA_COLADAS;14949;84;;;;;14952;84;;;;;14950.5;12714.0
1;27100;PEARLS;9996;1;9995;21;;;10004;1;10005;21;;;10000.0;193.0
1;27100;COCONUTS;7987;204;;;;;7990;204;;;;;7988.5;1353.0
1;27200;BANANAS;4866;24;;;;;4871;5;4872;2;4873;22;4868.5;257.0
1;27200;PEARLS;9996;2;9995;22;;;10002;5;10004;2;10005;22;9999.0;193.0
1;27200;COCONUTS;7987;54;7986;120;;;7989;174;;;;;7988.0;1565.5
1;27200;PINA_COLADAS;14947;20;14946;74;;;14950;94;;;;;14948.5;13371.5
1;27300;BANANAS;4866;26;;;;;4872;26;;;;;4869.0;257.0
1;27300;PINA_COLADAS;14945;78;;;;;14948;78;;;;;14946.5;13896.0
1;27300;PEARLS;9995;26;;;;;10005;26;;;;;10000.0;193.0
1;27300;COCONUTS;7986;179;;;;;7987;65;7989;179;;;7986.5;1889.0
1;27400;PINA_COLADAS;14950;96;;;;;14953;96;;;;;14951.5;12333.0
1;27400;PEARLS;9995;27;;;;;10005;27;;;;;10000.0;193.0
1;27400;COCONUTS;7988;70;7987;216;;;7989;74;7990;142;;;7988.5;1415.5
1;27400;BANANAS;4865;27;;;;;4872;27;;;;;4868.5;257.0
1;27500;BANANAS;4866;26;;;;;4873;26;;;;;4869.5;257.0
1;27500;PINA_COLADAS;14952;34;14951;69;;;14954;34;14955;69;;;14953.0;11966.0
1;27500;PEARLS;9995;26;;;;;10005;26;;;;;10000.0;193.0
1;27500;COCONUTS;7988;176;;;;;7991;176;;;;;7989.5;591.0
1;27600;PEARLS;9995;25;;;;;10005;25;;;;;10000.0;193.0
1;27600;COCONUTS;7988;206;;;;;7991;206;;;;;7989.5;510.0
1;27600;BANANAS;4866;25;;;;;4873;25;;;;;4869.5;257.0
1;27600;PINA_COLADAS;14951;31;14950;53;;;14953;31;14954;53;;;14952.0;12248.0
1;27700;BANANAS;4867;24;;;;;4873;2;4874;22;;;4870.0;257.0
1;27700;PINA_COLADAS;14955;89;;;;;14958;89;;;;;14956.5;10985.0
1;27700;PEARLS;9996;2;9995;22;;;10004;2;10005;22;;;10000.0;193.0
1;27700;COCONUTS;7989;163;;;;;7992;163;;;;;7990.5;186.0
1;27800;PINA_COLADAS;14956;96;;;;;14959;96;;;;;14957.5;10617.5
1;27800;PEARLS;10002;1;9995;22;;;10005;22;;;;;10003.5;193.0
1;27800;COCONUTS;7990;54;7989;162;;;7992;162;;;;;7991.0;39.0
1;27800;BANANAS;4867;22;;;;;4874;22;;;;;4870.5;257.0
1;27900;BANANAS;4867;22;;;;;4873;22;;;;;4870.0;257.0
1;27900;COCONUTS;7989;42;7988;141;;;7991;183;;;;;7990.0;436.5
1;27900;PEARLS;9995;22;;;;;10005;22;;;;;10000.0;195.0
1;27900;PINA_COLADAS;14955;33;14954;58;;;14958;91;;;;;14956.5;11014.0
1;28000;COCONUTS;7989;202;;;;;7991;69;7992;133;;;7990.0;326.5
1;28000;PEARLS;9998;8;9996;2;9995;26;10000;4;10004;2;10005;26;9999.0;195.0
1;28000;BANANAS;4868;8;4867;28;;;4873;28;;;;;4870.5;257.0
1;28000;PINA_COLADAS;14956;38;14955;59;;;14958;38;14959;59;;;14957.0;10789.0
1;28100;BANANAS;4868;1;4867;22;;;4874;23;;;;;4871.0;257.0
1;28100;COCONUTS;7990;215;;;;;7993;215;;;;;7991.5;-703.0
1;28100;PEARLS;9996;1;9995;22;;;10004;1;10005;22;;;10000.0;195.0
1;28100;PINA_COLADAS;14961;89;;;;;14964;89;;;;;14962.5;9245.0
1;28200;PINA_COLADAS;14959;95;;;;;14962;95;;;;;14960.5;9665.0
1;28200;COCONUTS;7990;76;7989;132;;;7992;208;;;;;7991.0;-225.0
1;28200;PEARLS;9996;1;9995;23;;;9998;1;10004;1;10005;23;9997.0;195.0
1;28200;BANANAS;4868;24;;;;;4869;3;4874;1;4875;23;4868.5;257.0
1;28300;BANANAS;4869;3;4868;21;;;4874;21;;;;;4871.5;262.857421875
1;28300;COCONUTS;7990;173;;;;;7992;47;7993;126;;;7991.0;-329.5
1;28300;PEARLS;9998;3;9995;21;;;10005;21;;;;;10001.5;197.0
1;28300;PINA_COLADAS;14960;100;;;;;14963;100;;;;;14961.5;9448.5
1;28400;COCONUTS;7990;226;;;;;7993;226;;;;;7991.5;-466.0
1;28400;PEARLS;10002;4;9996;1;9995;21;10004;1;10005;21;;;10003.0;197.0
1;28400;BANANAS;4868;22;;;;;4874;22;;;;;4871.0;262.822265625
1;28400;PINA_COLADAS;14961;105;;;;;14964;105;;;;;14962.5;9227.5
1;28500;BANANAS;4868;27;;;;;4874;27;;;;;4871.0;263.0673828125
1;28500;COCONUTS;7989;160;;;;;7992;160;;;;;7990.5;-71.5
1;28500;PEARLS;10002;7;9996;1;9995;26;10004;1;10005;26;;;10003.0;205.0
1;28500;PINA_COLADAS;14959;81;;;;;14962;81;;;;;14960.5;9713.0
1;28600;PINA_COLADAS;14957;75;;;;;14960;75;;;;;14958.5;10269.5
1;28600;COCONUTS;7989;207;;;;;7990;64;7991;79;7992;128;7989.5;251.0
1;28600;PEARLS;9995;28;;;;;10002;7;10005;28;;;9998.5;219.0
1;28600;BANANAS;4867;28;;;;;4872;8;4874;28;;;4869.5;261.26953125
1;28700;BANANAS;4868;1;4867;27;;;4874;28;;;;;4871.0;262.43359375
1;28700;COCONUTS;7988;207;;;;;7991;207;;;;;7989.5;670.5
1;28700;PEARLS;9996;1;9995;27;;;10004;1;10005;27;;;10000.0;219.0
1;28700;PINA_COLADAS;14958;29;14957;62;;;14960;29;14961;62;;;14959.0;10176.5
1;28800;COCONUTS;7988;214;;;;;7991;214;;;;;7989.5;491.5
1;28800;PEARLS;9995;30;;;;;10005;30;;;;;10000.0;219.0
1;28800;BANANAS;4867;30;;;;;4874;30;;;;;4870.5;260.404296875
1;28800;PINA_COLADAS;14958;107;;;;;14961;107;;;;;14959.5;10091.5
1;28900;PEARLS;9996;1;9995;23;;;10004;1;10005;23;;;10000.0;219.0
1;28900;BANANAS;4867;24;;;;;4873;24;;;;;4870.0;259.81640625
1;28900;COCONUTS;7990;11;7989;173;;;7991;48;7992;125;;;7990.5;322.5
1;28900;PINA_COLADAS;14958;98;;;;;14961;98;;;;;14959.5;9990.5
1;29000;PINA_COLADAS;14956;94;;;;;14959;94;;;;;14957.5;10552.5
1;29000;COCONUTS;7989;68;7988;125;;;7991;193;;;;;7990.0;343.5
1;29000;PEARLS;9995;25;;;;;10005;25;;;;;10000.0;219.0
1;29000;BANANAS;4866;25;;;;;4873;25;;;;;4869.5;259.2646484375
1;29100;PEARLS;10002;1;9995;30;;;10005;30;;;;;10003.5;219.0
1;29100;BANANAS;4872;1;4866;30;;;4873;30;;;;;4872.5;259.544921875
1;29100;PINA_COLADAS;14957;29;14956;82;;;14959;82;;;;;14958.0;10635.5
1;29100;COCONUTS;7988;169;;;;;7990;43;7991;126;;;7989.0;855.0
1;29200;COCONUTS;7987;204;;;;;7989;74;7990;130;;;7988.0;1411.5
1;29200;PEARLS;9995;20;;;;;10002;1;10005;20;;;9998.5;221.0
1;29200;BANANAS;4869;1;4866;20;;;4871;1;4873;20;;;4870.0;261.0849609375
1;29200;PINA_COLADAS;14955;68;;;;;14958;76;;;;;14956.5;10949.5
1;29300;PEARLS;9998;3;9996;2;9995;21;10004;2;10005;21;;;10001.0;221.0
1;29300;BANANAS;4867;3;4866;23;;;4873;23;;;;;4870.0;260.8232421875
1;29300;PINA_COLADAS;14957;94;;;;;14960;94;;;;;14958.5;10276.0
1;29300;COCONUTS;7988;150;;;;;7991;150;;;;;7989.5;676.5
1;29400;PINA_COLADAS;14958;92;;;;;14961;92;;;;;14959.5;10018.0
1;29400;COCONUTS;7987;158;;;;;7990;158;;;;;7988.5;1060.0
1;29400;PEARLS;9996;1;9995;24;;;10002;8;10004;1;10005;24;9999.0;221.0
1;29400;BANANAS;4865;25;;;;;4870;7;4872;25;;;4867.5;259.1201171875
1;29500;PEARLS;9995;23;;;;;10005;23;;;;;10000.0;221.0
1;29500;BANANAS;4865;23;;;;;4872;23;;;;;4868.5;258.2119140625
1;29500;PINA_COLADAS;14958;98;;;;;14961;98;;;;;14959.5;10125.0
1;29500;COCONUTS;7987;48;7986;132;;;7989;180;;;;;7988.0;1547.0
1;29600;COCONUTS;7987;202;;;;;7989;73;7990;129;;;7988.0;1410.5
1;29600;PEARLS;9995;27;;;;;10005;27;;;;;10000.0;221.0
1;29600;BANANAS;4865;27;;;;;4872;27;;;;;4868.5;259.18359375
1;29600;PINA_COLADAS;14958;74;;;;;14961;21;14962;53;;;14959.5;9921.0
1;29700;BANANAS;4871;1;4867;1;4866;31;4873;31;;;;;4872.0;260.8232421875
1;29700;PEARLS;9998;1;9996;2;9995;29;10004;2;10005;29;;;10001.0;221.0
1;29700;PINA_COLADAS;14959;30;14958;52;;;14961;30;14962;52;;;14960.0;9899.5
1;29700;COCONUTS;7987;168;;;;;7990;168;;;;;7988.5;1202.5
1;29800;PINA_COLADAS;14954;101;;;;;14957;101;;;;;14955.5;11220.0
1;29800;COCONUTS;7986;190;;;;;7988;71;7989;119;;;7987.0;2028.0
1;29800;BANANAS;4866;24;;;;;4872;1;4873;23;;;4869.0;260.3818359375
1;29800;PEARLS;9996;1;9995;23;;;10004;1;10005;23;;;10000.0;221.0
1;29900;BANANAS;4867;8;4866;25;;;4872;25;;;;;4869.5;260.1376953125
1;29900;PEARLS;10000;2;9998;8;9995;25;10005;25;;;;;10002.5;221.0
1;29900;PINA_COLADAS;14952;87;;;;;14955;87;;;;;14953.5;11809.5
1;29900;COCONUTS;7986;78;7985;128;;;7988;206;;;;;7987.0;2160.5
1;30000;COCONUTS;7986;178;;;;;7988;61;7989;117;;;7987.0;2032.0
1;30000;PEARLS;10000;2;9995;26;;;10005;26;;;;;10002.5;221.0
1;30000;BANANAS;4866;26;;;;;4873;26;;;;;4869.5;260.638671875
1;30000;PINA_COLADAS;14953;29;14952;58;;;14955;29;14956;58;;;14954.0;11627.0
1;30100;PEARLS;9995;28;;;;;10002;10;10005;28;;;9998.5;221.0
1;30100;BANANAS;4866;28;;;;;4871;10;4873;28;;;4868.5;260.76953125
1;30100;COCONUTS;7986;27;7985;211;;;7987;79;7988;132;;;7986.5;2647.0
1;30100;PINA_COLADAS;14952;88;;;;;14955;24;14956;64;;;14953.5;11695.0
1;30200;PINA_COLADAS;14954;95;;;;;14957;40;14958;55;;;14955.5;11116.5
1;30200;PEARLS;9998;3;9996;2;9995;24;10004;2;10005;24;;;10001.0;221.0
1;30200;BANANAS;4867;3;4866;26;;;4872;2;4873;24;;;4869.5;260.537109375
1;30200;COCONUTS;7986;162;;;;;7988;46;7989;116;;;7987.0;2076.0
1;30300;PEARLS;10002;1;9998;10;9995;23;10005;23;;;;;10003.5;221.0
1;30300;BANANAS;4871;1;4866;10;4865;23;4872;23;;;;;4871.5;259.8271484375
1;30300;COCONUTS;7983;200;;;;;7986;200;;;;;7984.5;3680.5
1;30300;PINA_COLADAS;14949;24;14948;72;;;14951;24;14952;72;;;14950.0;12827.5
1;30400;PEARLS;9996;2;9995;24;;;10004;2;10005;24;;;10000.0;223.0
1;30400;BANANAS;4867;2;4866;24;;;4873;26;;;;;4870.0;262.86328125
1;30400;COCONUTS;7983;162;;;;;7986;162;;;;;7984.5;3525.0
1;30400;PINA_COLADAS;14949;80;;;;;14952;80;;;;;14950.5;12673.0
1;30500;PEARLS;9996;1;9995;20;;;10004;1;10005;20;;;10000.0;223.0
1;30500;BANANAS;4867;1;4866;20;;;4873;21;;;;;4870.0;262.8798828125
1;30500;COCONUTS;7983;71;7982;221;;;7985;221;;;;;7984.0;4019.0
1;30500;PINA_COLADAS;14947;101;;;;;14950;101;;;;;14948.5;13188.0
1;30600;PINA_COLADAS;14945;31;14944;68;;;14948;99;;;;;14946.5;13936.0
1;30600;PEARLS;10000;3;9998;8;9996;1;10004;1;10005;25;;;10002.0;223.0
1;30600;BANANAS;4868;8;4867;26;;;4873;1;4874;25;;;4870.5;263.1083984375
1;30600;COCONUTS;7981;150;;;;;7984;150;;;;;7982.5;4677.0
1;30700;PEARLS;9995;24;;;;;10005;24;;;;;10000.0;223.0
1;30700;BANANAS;4866;24;;;;;4873;24;;;;;4869.5;262.82763671875
1;30700;COCONUTS;7981;65;7980;149;;;7983;214;;;;;7982.0;5173.5
1;30700;PINA_COLADAS;14944;79;;;;;14947;79;;;;;14945.5;14053.5
1;30800;PEARLS;10002;11;9996;2;9995;29;10004;2;10005;29;;;10003.0;223.0
1;30800;BANANAS;4871;12;4866;31;;;4873;31;;;;;4872.0;262.603515625
1;30800;COCONUTS;7981;158;;;;;7983;53;7984;105;;;7982.0;5040.5
1;30800;PINA_COLADAS;14944;28;14943;94;;;14946;94;;;;;14945.0;14499.5
1;30900;PEARLS;10002;1;9998;9;9996;1;10004;1;10005;24;;;10003.0;245.0
1;30900;BANANAS;4871;1;4867;9;4866;25;4873;25;;;;;4872.0;281.96484375
1;30900;COCONUTS;7981;186;;;;;7983;49;7984;137;;;7982.0;5021.5
1;30900;PINA_COLADAS;14942;20;14941;63;;;14945;83;;;;;14943.5;14833.5
1;31000;PINA_COLADAS;14942;24;14941;66;;;14944;24;14945;66;;;14943.0;14869.5
1;31000;PEARLS;9996;1;9995;30;;;10004;1;10005;30;;;10000.0;247.0
1;31000;BANANAS;4871;1;4866;31;;;4872;1;4873;30;;;4871.5;284.62890625
1;31000;COCONUTS;7980;196;;;;;7983;196;;;;;7981.5;5395.0
1;31100;BANANAS;4866;28;;;;;4870;7;4872;28;;;4868.0;287.84375
1;31100;COCONUTS;7980;173;;;;;7983;173;;;;;7981.5;5434.5
1;31100;PEARLS;9996;2;9995;26;;;10002;7;10004;2;10005;26;9999.0;247.0
1;31100;PINA_COLADAS;14941;27;14940;59;;;14943;27;14944;59;;;14942.0;15182.0
1;31200;BANANAS;4866;26;;;;;4869;4;4871;4;4873;26;4867.5;284.984375
1;31200;COCONUTS;7979;152;;;;;7982;152;;;;;7980.5;5912.5
1;31200;PINA_COLADAS;14938;26;14937;58;;;14940;26;14941;58;;;14939.0;16017.5
1;31200;PEARLS;9995;26;;;;;10002;4;10005;26;;;9998.5;247.0
1;31300;PINA_COLADAS;14938;76;;;;;14941;76;;;;;14939.5;15964.5
1;31300;BANANAS;4872;1;4866;26;;;4873;26;;;;;4872.5;281.16796875
1;31300;PEARLS;9995;26;;;;;10005;26;;;;;10000.0;247.0
1;31300;COCONUTS;7979;189;;;;;7982;189;;;;;7980.5;6033.0
1;31400;BANANAS;4866;24;;;;;4871;6;4873;24;;;4868.5;286.5625
1;31400;PINA_COLADAS;14938;38;14937;70;;;14941;108;;;;;14939.5;15991.5
1;31400;PEARLS;9996;1;9995;23;;;10002;6;10004;1;10005;23;9999.0;247.0
1;31400;COCONUTS;7979;206;;;;;7982;206;;;;;7980.5;5904.0
1;31500;BANANAS;4866;27;;;;;4873;27;;;;;4869.5;284.78515625
1;31500;PEARLS;9996;1;9995;26;;;10004;1;10005;26;;;10000.0;247.0
1;31500;COCONUTS;7981;79;7980;135;;;7983;214;;;;;7982.0;5124.5
1;31500;PINA_COLADAS;14941;104;;;;;14944;104;;;;;14942.5;15028.5
1;31600;BANANAS;4866;20;;;;;4872;20;;;;;4869.0;291.8515625
1;31600;PINA_COLADAS;14944;93;;;;;14947;93;;;;;14945.5;14050.5
1;31600;PEARLS;9995;20;;;;;10005;20;;;;;10000.0;247.0
1;31600;COCONUTS;7981;210;;;;;7984;210;;;;;7982.5;4645.5
1;31700;PINA_COLADAS;14943;107;;;;;14946;107;;;;;14944.5;14407.0
1;31700;BANANAS;4870;1;4865;20;;;4872;20;;;;;4871.0;299.3046875
1;31700;PEARLS;9995;20;;;;;10005;20;;;;;10000.0;247.0
1;31700;COCONUTS;7981;186;;;;;7983;70;7984;116;;;7982.0;4997.5
1;31800;BANANAS;4865;30;;;;;4871;30;;;;;4868.0;265.0
1;31800;PINA_COLADAS;14940;101;;;;;14943;101;;;;;14941.5;15390.0
1;31800;PEARLS;9996;1;9995;29;;;10004;1;10005;29;;;10000.0;247.0
1;31800;COCONUTS;7979;205;;;;;7982;205;;;;;7980.5;5854.0
1;31900;PEARLS;9995;27;;;;;10005;27;;;;;10000.0;247.0
1;31900;COCONUTS;7980;62;7979;127;;;7982;189;;;;;7981.0;5717.5
1;31900;PINA_COLADAS;14940;94;;;;;14943;94;;;;;14941.5;15320.0
1;31900;BANANAS;4864;27;;;;;4871;27;;;;;4867.5;265.0
1;32000;PINA_COLADAS;14942;44;14941;56;;;14944;23;14945;56;;;14943.0;14879.0
1;32000;PEARLS;9996;2;9995;27;;;10004;2;10005;27;;;10000.0;247.0
1;32000;COCONUTS;7980;201;;;;;7983;201;;;;;7981.5;5199.5
1;32000;BANANAS;4865;29;;;;;4871;29;;;;;4868.0;265.0
1;32100;PINA_COLADAS;14941;86;;;;;14944;86;;;;;14942.5;14959.0
1;32100;BANANAS;4865;20;;;;;4872;20;;;;;4868.5;293.453125
1;32100;PEARLS;9995;20;;;;;10005;20;;;;;10000.0;247.0
1;32100;COCONUTS;7981;188;;;;;7984;188;;;;;7982.5;4669.5
1;32200;BANANAS;4865;22;;;;;4870;7;4872;22;;;4867.5;325.0
1;32200;PEARLS;9996;2;9995;20;;;10000;4;10002;7;10004;2;9998.0;247.0
1;32200;COCONUTS;7982;162;;;;;7985;162;;;;;7983.5;4088.5
1;32200;PINA_COLADAS;14944;69;14943;55;;;14946;32;14947;55;;;14945.0;14290.0
1;32300;PEARLS;10002;1;9998;3;9996;2;10004;2;10005;27;;;10003.0;247.0
1;32300;COCONUTS;7983;218;;;;;7986;218;;;;;7984.5;3707.0
1;32300;PINA_COLADAS;14945;97;;;;;14946;25;14948;97;;;14945.5;13816.5
1;32300;BANANAS;4868;5;4867;3;4866;29;4872;29;;;;;4870.0;325.0
1;32400;COCONUTS;7982;62;7981;104;;;7984;166;;;;;7983.0;4476.5
1;32400;PEARLS;9996;1;9995;28;;;10004;1;10005;28;;;10000.0;249.0
1;32400;PINA_COLADAS;14943;101;;;;;14946;101;;;;;14944.5;14518.0
1;32400;BANANAS;4866;29;;;;;4872;1;4873;28;;;4869.0;325.0
1;32500;PINA_COLADAS;14943;78;;;;;14946;78;;;;;14944.5;14351.0
1;32500;BANANAS;4866;5;4865;31;;;4872;31;;;;;4869.0;325.0
1;32500;COCONUTS;7982;45;7981;116;;;7984;161;;;;;7983.0;4470.0
1;32500;PEARLS;9998;5;9996;2;9995;29;10004;2;10005;29;;;10001.0;249.0
1;32600;BANANAS;4865;23;;;;;4872;23;;;;;4868.5;325.0
1;32600;COCONUTS;7982;176;;;;;7985;176;;;;;7983.5;4084.5
1;32600;PEARLS;9995;23;;;;;10005;23;;;;;10000.0;249.0
1;32600;PINA_COLADAS;14945;82;;;;;14948;82;;;;;14946.5;13933.5
1;32700;COCONUTS;7981;180;;;;;7984;180;;;;;7982.5;4663.5
1;32700;PEARLS;10002;3;9996;1;9995;21;10004;1;10005;21;;;10003.0;249.0
1;32700;PINA_COLADAS;14943;104;;;;;14946;104;;;;;14944.5;14484.0
1;32700;BANANAS;4870;12;4865;22;;;4872;22;;;;;4871.0;325.0
1;32800;COCONUTS;7982;40;7981;103;;;7984;143;;;;;7983.0;4501.5
1;32800;PEARLS;9995;24;;;;;10005;24;;;;;10000.0;255.0
1;32800;PINA_COLADAS;14940;88;;;;;14943;88;;;;;14941.5;15272.0
1;32800;BANANAS;4865;24;;;;;4872;24;;;;;4868.5;346.8203125
1;32900;PINA_COLADAS;14943;78;;;;;14946;78;;;;;14944.5;14428.0
1;32900;BANANAS;4865;27;;;;;4872;28;;;;;4868.5;344.8671875
1;32900;COCONUTS;7981;197;;;;;7984;197;;;;;7982.5;4614.0
1;32900;PEARLS;9995;28;;;;;10005;28;;;;;10000.0;255.0
1;33000;BANANAS;4865;22;;;;;4872;22;;;;;4868.5;344.921875
1;33000;COCONUTS;7982;65;7981;110;;;7984;175;;;;;7983.0;4560.5
1;33000;PEARLS;9995;22;;;;;10000;6;10005;22;;;9997.5;255.0
1;33000;PINA_COLADAS;14942;31;14941;60;;;14945;91;;;;;14943.5;14834.5
1;33100;COCONUTS;7982;171;;;;;7984;52;7985;119;;;7983.0;4415.5
1;33100;PEARLS;9998;7;9995;21;;;10005;21;;;;;10001.5;255.0
1;33100;PINA_COLADAS;14940;97;;;;;14943;31;14944;66;;;14941.5;15198.5
1;33100;BANANAS;4866;6;4865;21;;;4871;21;;;;;4868.5;349.41015625
1;33200;COCONUTS;7982;80;7981;122;;;7984;202;;;;;7983.0;4522.0
1;33200;PEARLS;9995;27;;;;;10005;27;;;;;10000.0;255.0
1;33200;PINA_COLADAS;14938;34;14937;74;;;14940;34;14941;74;;;14939.0;16036.0
1;33200;BANANAS;4870;9;4865;27;;;4872;27;;;;;4871.0;339.421875
1;33300;PINA_COLADAS;14940;89;;;;;14943;89;;;;;14941.5;15311.0
1;33300;BANANAS;4865;25;;;;;4870;6;4872;25;;;4867.5;347.65625
1;33300;COCONUTS;7983;66;7982;114;;;7985;180;;;;;7984.0;3885.5
1;33300;PEARLS;9995;25;;;;;10002;6;10005;25;;;9998.5;255.0
1;33400;PEARLS;9998;2;9996;1;9995;20;10004;1;10005;20;;;10001.0;255.0
1;33400;BANANAS;4867;2;4866;21;;;4872;21;;;;;4869.5;345.3203125
1;33400;COCONUTS;7983;223;;;;;7986;223;;;;;7984.5;3523.0
1;33400;PINA_COLADAS;14942;38;14941;65;;;14945;103;;;;;14943.5;14823.0
1;33500;COCONUTS;7983;140;;;;;7985;40;7986;100;;;7984.0;3864.5
1;33500;PINA_COLADAS;14940;87;;;;;14943;21;14944;66;;;14941.5;15219.5
1;33500;PEARLS;9996;1;9995;25;;;10004;1;10005;25;;;10000.0;255.0
1;33500;BANANAS;4866;1;4865;25;;;4872;26;;;;;4869.0;350.65625
1;33600;PINA_COLADAS;14946;29;14945;68;;;14948;29;14949;68;;;14947.0;13714.0
1;33600;COCONUTS;7984;183;;;;;7987;183;;;;;7985.5;3127.5
1;33600;PEARLS;9996;2;9995;26;;;10004;2;10005;26;;;10000.0;255.0
1;33600;BANANAS;4866;28;;;;;4872;28;;;;;4869.0;345.84375
1;33700;PINA_COLADAS;14949;90;;;;;14952;90;;;;;14950.5;12659.0
1;33700;PEARLS;9996;2;9995;27;;;10004;2;10005;27;;;10000.0;255.0
1;33700;BANANAS;4866;29;;;;;4872;2;4873;27;;;4869.0;341.6875
1;33700;COCONUTS;7986;183;;;;;7988;54;7989;129;;;7987.0;2092.5
1;33800;PEARLS;9998;6;9996;1;9995;24;10004;1;10005;24;;;10001.0;255.0
1;33800;BANANAS;4867;6;4866;25;;;4872;1;4873;24;;;4869.5;340.4375
1;33800;PINA_COLADAS;14950;111;;;;;14953;37;14954;74;;;14951.5;12272.0
1;33800;COCONUTS;7986;188;;;;;7989;188;;;;;7987.5;1731.0
1;33900;COCONUTS;7986;199;;;;;7987;51;7989;199;;;7986.5;1943.5
1;33900;PINA_COLADAS;14951;101;;;;;14954;101;;;;;14952.5;12014.0
1;33900;PEARLS;9995;20;;;;;10002;7;10005;20;;;9998.5;255.0
1;33900;BANANAS;4866;20;;;;;4871;7;4873;20;;;4868.5;343.015625
1;34000;PINA_COLADAS;14954;13;14953;37;14952;55;14955;37;14956;55;;;14954.5;11639.0
1;34000;COCONUTS;7986;209;;;;;7989;209;;;;;7987.5;1903.0
1;34000;PEARLS;9996;2;9995;25;;;10004;2;10005;25;;;10000.0;255.0
1;34000;BANANAS;4866;2;4865;25;;;4872;27;;;;;4869.0;348.9765625
1;34100;PINA_COLADAS;14953;99;;;;;14956;99;;;;;14954.5;11521.0
1;34100;BANANAS;4865;29;;;;;4872;29;;;;;4868.5;358.3984375
1;34100;PEARLS;9995;29;;;;;10005;29;;;;;10000.0;255.0
1;34100;COCONUTS;7987;150;;;;;7989;46;7990;104;;;7988.0;1484.0
1;34200;BANANAS;4865;22;;;;;4871;1;4872;21;;;4868.0;360.5
1;34200;PEARLS;9996;1;9995;21;;;10004;1;10005;21;;;10000.0;255.0
1;34200;PINA_COLADAS;14955;96;;;;;14958;96;;;;;14956.5;10896.0
1;34200;COCONUTS;7988;204;;;;;7990;204;;;;;7989.0;925.5
1;34300;COCONUTS;7988;174;;;;;7991;174;;;;;7989.5;596.0
1;34300;PINA_COLADAS;14957;26;14956;95;;;14959;95;;;;;14958.0;10707.0
1;34300;BANANAS;4864;30;;;;;4871;30;;;;;4867.5;372.28125
1;34300;PEARLS;9995;30;;;;;10005;30;;;;;10000.0;255.0
1;34400;COCONUTS;7987;164;;;;;7990;164;;;;;7988.5;1183.0
1;34400;PINA_COLADAS;14953;110;;;;;14956;110;;;;;14954.5;11580.0
1;34400;BANANAS;4864;26;;;;;4871;26;;;;;4867.5;378.1328125
1;34400;PEARLS;9996;1;9995;25;;;10004;1;10005;25;;;10000.0;255.0
1;34500;PINA_COLADAS;14953;38;14952;74;;;14956;112;;;;;14954.5;11593.5
1;34500;PEARLS;9995;21;;;;;10005;21;;;;;10000.0;255.0
1;34500;BANANAS;4864;21;;;;;4870;21;;;;;4867.0;383.984375
1;34500;COCONUTS;7987;204;;;;;7989;79;7990;125;;;7988.0;1438.5
1;34600;PEARLS;9996;2;9995;20;;;10004;2;10005;20;;;10000.0;255.0
1;34600;BANANAS;4864;22;;;;;4871;22;;;;;4867.5;375.78125
1;34600;COCONUTS;7987;153;;;;;7989;41;7990;112;;;7988.0;1472.0
1;34600;PINA_COLADAS;14954;100;;;;;14957;100;;;;;14955.5;11245.0
1;34700;PINA_COLADAS;14951;86;;;;;14954;86;;;;;14952.5;12160.5
1;34700;PEARLS;9995;29;;;;;10005;29;;;;;10000.0;255.0
1;34700;BANANAS;4864;29;;;;;4871;29;;;;;4867.5;377.7421875
1;34700;COCONUTS;7986;157;;;;;7988;50;7989;107;;;7987.0;2042.5
1;34800;PINA_COLADAS;14951;105;;;;;14954;34;14955;71;;;14952.5;11971.5
1;34800;PEARLS;10002;4;10000;4;9995;27;10005;27;;;;;10003.5;255.0
1;34800;BANANAS;4864;27;;;;;4871;27;;;;;4867.5;378.296875
1;34800;COCONUTS;7986;165;;;;;7988;52;7989;113;;;7987.0;2028.5
1;34900;PINA_COLADAS;14952;27;14951;69;;;14955;96;;;;;14953.5;11884.0
1;34900;PEARLS;9995;26;;;;;10002;9;10005;26;;;9998.5;263.0
1;34900;BANANAS;4864;26;;;;;4869;9;4871;26;;;4866.5;378.953125
1;34900;COCONUTS;7986;191;;;;;7988;47;7989;144;;;7987.0;2031.0
1;35000;PEARLS;9998;7;9995;24;;;10005;24;;;;;10001.5;263.0
1;35000;BANANAS;4865;7;4864;24;;;4867;2;4871;24;;;4866.0;376.515625
1;35000;COCONUTS;7986;185;;;;;7989;185;;;;;7987.5;1961.0
1;35000;PINA_COLADAS;14952;79;;;;;14955;22;14956;57;;;14953.5;11691.0
1;35100;PINA_COLADAS;14954;93;;;;;14957;93;;;;;14955.5;11126.5
1;35100;PEARLS;9995;20;;;;;10005;20;;;;;10000.0;263.0
1;35100;BANANAS;4864;20;;;;;4871;20;;;;;4867.5;376.9921875
1;35100;COCONUTS;7987;61;7986;122;;;7989;183;;;;;7988.0;1521.0
1;35200;PINA_COLADAS;14958;102;;;;;14961;102;;;;;14959.5;10007.0
1;35200;PEARLS;9996;1;9995;20;;;10004;1;10005;20;;;10000.0;263.0
1;35200;BANANAS;4868;2;4864;21;;;4871;21;;;;;4869.5;374.953125
1;35200;COCONUTS;7988;168;;;;;7991;168;;;;;7989.5;694.5
1;35300;PINA_COLADAS;14958;101;;;;;14961;101;;;;;14959.5;10004.5
1;35300;PEARLS;9996;1;9995;30;;;10002;1;10004;1;10005;30;9999.0;263.0
1;35300;BANANAS;4864;31;;;;;4869;1;4870;1;4871;30;4866.5;381.4765625
1;35300;COCONUTS;7988;163;;;;;7990;40;7991;123;;;7989.0;901.5
1;35400;PEARLS;9995;25;;;;;10002;10;10005;25;;;9998.5;263.0
1;35400;BANANAS;4868;3;4864;25;;;4869;10;4871;25;;;4868.5;377.4296875
1;35400;COCONUTS;7988;205;;;;;7990;74;7991;131;;;7989.0;920.0
1;35400;PINA_COLADAS;14958;111;;;;;14961;111;;;;;14959.5;10119.0
1;35500;PEARLS;9996;1;9995;20;;;9998;1;10004;1;10005;20;9997.0;263.0
1;35500;BANANAS;4865;1;4864;20;;;4871;21;;;;;4868.0;357.3984375
1;35500;COCONUTS;7989;180;;;;;7992;180;;;;;7990.5;178.5
1;35500;PINA_COLADAS;14961;93;;;;;14964;93;;;;;14962.5;9115.5
1;35600;PINA_COLADAS;14956;110;;;;;14959;110;;;;;14957.5;10588.5
1;35600;BANANAS;4864;20;;;;;4871;20;;;;;4867.5;362.1796875
1;35600;COCONUTS;7987;182;;;;;7989;57;7990;125;;;7988.0;1468.5
1;35600;PEARLS;9995;20;;;;;10005;20;;;;;10000.0;265.0
1;35700;BANANAS;4864;5;4863;22;;;4870;22;;;;;4867.0;368.28125
1;35700;PINA_COLADAS;14957;30;14956;36;14955;68;14958;36;14959;68;;;14957.5;10749.5
1;35700;PEARLS;9998;5;9995;22;;;10005;22;;;;;10001.5;265.0
1;35700;COCONUTS;7986;215;;;;;7989;215;;;;;7987.5;1658.0
1;35800;BANANAS;4863;26;;;;;4870;26;;;;;4866.5;369.86328125
1;35800;PEARLS;9995;26;;;;;10005;26;;;;;10000.0;265.0
1;35800;COCONUTS;7987;201;;;;;7990;201;;;;;7988.5;1171.0
1;35800;PINA_COLADAS;14959;27;14958;94;;;14961;94;;;;;14960.0;9968.0
1;35900;BANANAS;4863;20;;;;;4870;20;;;;;4866.5;370.01953125
1;35900;PINA_COLADAS;14960;82;;;;;14963;23;14964;59;;;14961.5;9334.0
1;35900;PEARLS;9995;20;;;;;10005;20;;;;;10000.0;265.0
1;35900;COCONUTS;7988;199;;;;;7990;66;7991;133;;;7989.0;892.5
1;36000;PINA_COLADAS;14959;89;;;;;14962;89;;;;;14960.5;9713.5
1;36000;BANANAS;4863;24;;;;;4870;24;;;;;4866.5;371.4140625
1;36000;PEARLS;9995;24;;;;;10005;24;;;;;10000.0;265.0
1;36000;COCONUTS;7987;176;;;;;7990;176;;;;;7988.5;1294.5
1;36100;BANANAS;4866;4;4863;28;;;4870;28;;;;;4868.0;371.3203125
1;36100;PINA_COLADAS;14958;84;;;;;14961;32;14962;52;;;14959.5;9927.0
1;36100;PEARLS;9996;1;9995;27;;;10004;1;10005;27;;;10000.0;265.0
1;36100;COCONUTS;7986;209;;;;;7987;54;7989;209;;;7986.5;1810.5
1;36200;BANANAS;4864;30;;;;;4867;5;4870;30;;;4865.5;364.265625
1;36200;PEARLS;9996;1;9995;29;;;10004;1;10005;29;;;10000.0;265.0
1;36200;COCONUTS;7986;209;;;;;7989;209;;;;;7987.5;1913.5
1;36200;PINA_COLADAS;14958;99;;;;;14961;99;;;;;14959.5;10114.0
1;36300;BANANAS;4864;1;4863;20;;;4870;21;;;;;4867.0;366.30859375
1;36300;PINA_COLADAS;14959;110;;;;;14962;110;;;;;14960.5;9720.0
1;36300;PEARLS;9996;1;9995;20;;;10004;1;10005;20;;;10000.0;265.0
1;36300;COCONUTS;7987;40;7986;104;;;7989;144;;;;;7988.0;1579.0
1;36400;PINA_COLADAS;14961;81;;;;;14964;81;;;;;14962.5;9238.5
1;36400;PEARLS;9996;1;9995;25;;;10002;9;10004;1;10005;25;9999.0;265.0
1;36400;COCONUTS;7987;170;;;;;7990;170;;;;;7988.5;1348.0
1;36400;BANANAS;4863;26;;;;;4867;9;4869;26;;;4865.0;375.203125
1;36500;BANANAS;4864;5;4863;22;;;4869;1;4870;21;;;4866.5;374.078125
1;36500;PINA_COLADAS;14960;111;;;;;14963;111;;;;;14961.5;9495.0
1;36500;PEARLS;9998;5;9996;1;9995;21;10004;1;10005;21;;;10001.0;265.0
1;36500;COCONUTS;7987;53;7986;127;;;7989;180;;;;;7988.0;1527.0
1;36600;PEARLS;9996;1;9995;23;;;10004;1;10005;23;;;10000.0;265.0
1;36600;COCONUTS;7985;162;;;;;7988;162;;;;;7986.5;2257.0
1;36600;BANANAS;4863;24;;;;;4869;1;4870;23;;;4866.0;373.16796875
1;36600;PINA_COLADAS;14958;32;14957;52;;;14960;32;14961;52;;;14959.0;10173.5
1;36700;BANANAS;4863;27;;;;;4870;27;;;;;4866.5;401.658203125
1;36700;PEARLS;9995;27;;;;;10005;27;;;;;10000.0;265.0
1;36700;COCONUTS;7985;53;7984;144;;;7987;197;;;;;7986.0;2712.0
1;36700;PINA_COLADAS;14957;98;;;;;14960;98;;;;;14958.5;10379.5
1;36800;PINA_COLADAS;14958;22;14957;57;;;14960;22;14961;57;;;14959.0;10198.5
1;36800;COCONUTS;7985;162;;;;;7988;162;;;;;7986.5;2452.0
1;36800;PEARLS;9996;2;9995;21;;;9998;1;10002;6;10004;2;9997.0;265.0
1;36800;BANANAS;4864;2;4863;21;;;4868;6;4870;23;;;4866.0;403.515625
1;36900;BANANAS;4864;24;;;;;4870;2;4871;23;;;4867.0;404.546875
1;36900;COCONUTS;7985;181;;;;;7988;181;;;;;7986.5;2384.5
1;36900;PEARLS;9996;2;9995;23;;;10004;2;10005;23;;;10000.0;267.0
1;36900;PINA_COLADAS;14957;88;;;;;14960;88;;;;;14958.5;10338.5
1;37000;COCONUTS;7985;176;;;;;7988;176;;;;;7986.5;2543.0
1;37000;PEARLS;9995;28;;;;;10005;28;;;;;10000.0;267.0
1;37000;BANANAS;4864;28;;;;;4870;28;;;;;4867.0;404.08203125
1;37000;PINA_COLADAS;14956;106;;;;;14959;106;;;;;14957.5;10664.0
1;37100;BANANAS;4864;8;4863;23;;;4870;25;;;;;4867.0;403.681640625
1;37100;COCONUTS;7984;164;;;;;7987;164;;;;;7985.5;2842.0
1;37100;PEARLS;9998;6;9996;2;9995;23;10004;2;10005;23;;;10001.0;267.0
1;37100;PINA_COLADAS;14956;101;;;;;14959;101;;;;;14957.5;10645.0
1;37200;PINA_COLADAS;14957;75;;;;;14960;75;;;;;14958.5;10249.0
1;37200;COCONUTS;7984;188;;;;;7987;188;;;;;7985.5;2875.0
1;37200;PEARLS;9995;24;;;;;10005;24;;;;;10000.0;267.0
1;37200;BANANAS;4863;24;;;;;4870;24;;;;;4866.5;410.0
1;37300;BANANAS;4864;39;;;;;4870;29;;;;;4867.0;410.0
1;37300;COCONUTS;7983;192;;;;;7986;192;;;;;7984.5;3411.5
1;37300;PEARLS;10000;2;9998;10;9995;29;10005;29;;;;;10002.5;267.0
1;37300;PINA_COLADAS;14956;37;14955;62;;;14958;37;14959;62;;;14957.0;10745.5
1;37400;COCONUTS;7985;182;;;;;7987;68;7988;114;;;7986.0;2604.5
1;37400;PEARLS;9998;8;9996;2;9995;20;10004;2;10005;20;;;10001.0;267.0
1;37400;BANANAS;4865;8;4864;22;;;4871;22;;;;;4868.0;410.0
1;37400;PINA_COLADAS;14959;20;14958;60;;;14961;20;14962;60;;;14960.0;9868.0
1;37500;BANANAS;4863;24;;;;;4870;24;;;;;4866.5;410.0
1;37500;COCONUTS;7985;62;7984;100;;;7987;162;;;;;7986.0;2736.5
1;37500;PEARLS;9996;2;9995;22;;;10004;2;10005;22;;;10000.0;267.0
1;37500;PINA_COLADAS;14957;108;;;;;14960;108;;;;;14958.5;10284.0
1;37600;PINA_COLADAS;14957;96;;;;;14958;37;14960;96;;;14957.5;10266.5
1;37600;COCONUTS;7985;44;7984;102;;;7987;146;;;;;7986.0;2803.5
1;37600;PEARLS;9996;1;9995;24;;;10004;1;10005;24;;;10000.0;267.0
1;37600;BANANAS;4864;25;;;;;4870;25;;;;;4867.0;410.0
1;37700;BANANAS;4869;1;4863;22;;;4870;22;;;;;4869.5;410.0
1;37700;COCONUTS;7986;73;7985;176;;;7988;176;;;;;7987.0;2557.5
1;37700;PEARLS;9996;1;9995;21;;;10004;1;10005;21;;;10000.0;267.0
1;37700;PINA_COLADAS;14960;97;;;;;14963;97;;;;;14961.5;9515.5
1;37800;COCONUTS;7985;198;;;;;7987;57;7988;141;;;7986.0;2624.0
1;37800;PEARLS;9998;7;9996;1;9995;25;10004;1;10005;25;;;10001.0;267.0
1;37800;BANANAS;4864;7;4863;26;;;4870;26;;;;;4867.0;412.57666015625
1;37800;PINA_COLADAS;14961;86;;;;;14964;86;;;;;14962.5;9231.5
1;37900;PEARLS;9996;2;9995;27;;;10002;9;10004;2;10005;27;9999.0;267.0
1;37900;BANANAS;4863;29;;;;;4868;9;4870;29;;;4865.5;414.0
1;37900;PINA_COLADAS;14959;102;;;;;14962;102;;;;;14960.5;9756.0
1;37900;COCONUTS;7984;191;;;;;7987;191;;;;;7985.5;3114.5
1;38000;PINA_COLADAS;14959;99;;;;;14962;99;;;;;14960.5;9830.0
1;38000;COCONUTS;7984;183;;;;;7987;183;;;;;7985.5;2842.5
1;38000;PEARLS;9996;1;9995;24;;;10004;1;10005;24;;;10000.0;267.0
1;38000;BANANAS;4863;25;;;;;4869;1;4870;24;;;4866.0;414.0
1;38100;PEARLS;9995;27;;;;;10005;27;;;;;10000.0;267.0
1;38100;BANANAS;4863;27;;;;;4869;27;;;;;4866.0;414.0
1;38100;PINA_COLADAS;14954;73;;;;;14955;39;14957;73;;;14954.5;11171.0
1;38100;COCONUTS;7983;197;;;;;7986;197;;;;;7984.5;3728.5
1;38200;COCONUTS;7985;41;7984;119;;;7987;160;;;;;7986.0;2809.5
1;38200;PEARLS;9996;1;9995;29;;;10004;1;10005;29;;;10000.0;267.0
1;38200;BANANAS;4863;30;;;;;4869;1;4870;29;;;4866.0;414.0
1;38200;PINA_COLADAS;14956;92;;;;;14959;92;;;;;14957.5;10698.0
1;38300;PEARLS;9998;8;9995;25;;;10005;25;;;;;10001.5;267.0
1;38300;BANANAS;4868;8;4864;8;4863;25;4870;25;;;;;4869.0;414.0
1;38300;PINA_COLADAS;14957;104;;;;;14960;104;;;;;14958.5;10327.0
1;38300;COCONUTS;7985;219;;;;;7988;219;;;;;7986.5;2307.5
1;38400;PINA_COLADAS;14955;90;;;;;14958;90;;;;;14956.5;10911.0
1;38400;COCONUTS;7984;171;;;;;7987;171;;;;;7985.5;3019.0
1;38400;PEARLS;9996;2;9995;25;;;10002;3;10004;2;10005;25;9999.0;267.0
1;38400;BANANAS;4864;2;4863;25;;;4868;3;4870;27;;;4866.0;414.0
1;38500;BANANAS;4863;22;;;;;4868;10;4870;22;;;4865.5;414.0
1;38500;PEARLS;10000;6;9995;22;;;10002;10;10005;22;;;10001.0;267.0
1;38500;PINA_COLADAS;14955;98;;;;;14958;98;;;;;14956.5;10861.0
1;38500;COCONUTS;7984;178;;;;;7987;178;;;;;7985.5;3001.0
1;38600;COCONUTS;7983;194;;;;;7986;194;;;;;7984.5;3722.5
1;38600;BANANAS;4863;31;;;;;4870;31;;;;;4866.5;414.0
1;38600;PEARLS;9996;2;9995;29;;;10004;2;10005;29;;;10000.0;267.0
1;38600;PINA_COLADAS;14955;20;14954;96;;;14957;32;14958;64;;;14956.0;11103.0
1;38700;BANANAS;4864;1;4863;26;;;4870;27;;;;;4867.0;414.0
1;38700;PEARLS;9996;1;9995;26;;;10004;1;10005;26;;;10000.0;267.0
1;38700;PINA_COLADAS;14954;100;;;;;14957;100;;;;;14955.5;11271.0
1;38700;COCONUTS;7982;201;;;;;7985;201;;;;;7983.5;4251.0
1;38800;PINA_COLADAS;14952;29;14951;72;;;14955;101;;;;;14953.5;11898.5
1;38800;COCONUTS;7981;176;;;;;7983;67;7984;109;;;7982.0;5027.5
1;38800;BANANAS;4864;21;;;;;4866;4;4870;21;;;4865.0;414.0
1;38800;PEARLS;9995;21;;;;;10005;21;;;;;10000.0;267.0
